1973 2714
956 207 1001 250 ⁶4

308 308 474 349 Quartum
490 305 682 347 exemplum
694 303 828 335 fabulae
843 303 936 346 quasi
953 311 1112 333 romanae
1130 302 1173 334 de
1189 302 1285 334 Mose
1306 313 1411 347 aquae
1432 304 1592 337 mandato
1608 313 1642 337 et
1669 309 1733 342 alia

220 370 398 406 praetereo.
458 360 545 391 Sunt
568 359 663 401 plura
685 356 930 389 narrationibus
954 355 996 388 de
1018 356 1122 389 Jaaaci
1143 358 1293 394 nomine,
1330 357 1375 389 de
1391 356 1506 391 Jacobi
1533 359 1624 392 lucta
1650 370 1729 394 cum

221 415 348 458 Augelo
374 421 438 446 etc.

502 650 818 703 Locus
898 658 1454 705 Ciceronis

811 768 879 796 Nat.
913 767 1004 796 Deor.
1046 768 1067 795 1.
1095 772 1141 802 38.

961 856 1003 884 de

722 942 1209 999 .Orpheo.

294 1100 456 1134 Celebris
470 1099 525 1130 ille
537 1099 633 1129 locus
648 1107 688 1129 eo
702 1105 762 1134 est,
785 1098 879 1144 quod
891 1097 1107 1130 Aristotelem
1123 1098 1236 1141 prodit
1252 1098 1414 1135 docuisse,
1433 1109 1602 1142 nunquam
1611 1096 1730 1146 fuisse

233 1155 422 1195 Orpheum.-
445 1147 508 1182 etsi
528 1152 608 1183 alios
633 1161 672 1182 ex
696 1153 736 1181 eo
757 1161 873 1182 sensus
894 1158 1092 1195 extorquere
1115 1151 1254 1202 quidam
1271 1152 1464 1184 voluerunt.
1506 1152 1633 1185 Unicus
1647 1164 1728 1201 vere

221 1210 277 1241 ine
293 1214 407 1239 manet
421 1215 520 1236 verus
534 1211 567 1235 et
581 1205 801 1243 justissimus:
826 1205 919 1247 quod
935 1215 1029 1236 nunc
1048 1198 1277 1247 probabimus.

306 1312 477 1345 Ciceronis
492 1310 594 1341 verba
610 1318 706 1342 sunt:
725 1310 929 1353 „Orpheum
952 1318 1087 1354 poetam
1106 1311 1297 1344 Aristoteles
1318 1311 1420 1343 docet
1435 1322 1611 1356 nunquam
1626 1313 1729 1346 fnisse

223 1376 258 1400 et
272 1368 340 1399 hoc
357 1365 545 1406 Orphicum
560 1373 693 1397 carmen
709 1363 823 1394 ferunt
845 1364 1019 1403 cujusdam
1040 1364 1142 1398 fuisse
1159 1364 1327 1406 Cercopis.
1371 1365 1414 1395 At
1428 1364 1593 1407 Orpheus,
1616 1367 1652 1397 id
1668 1375 1728 1403 est,

223 1423 336 1462 imago
351 1420 433 1457 ejus,
452 1424 491 1446 ut
505 1425 566 1446 vos
581 1416 694 1452 vultis,
713 1417 750 1445 in
766 1408 917 1456 animum
937 1426 1054 1461 meum
1080 1426 1177 1458 saepe
1200 1417 1372 1447 incurrit.“
1418 1416 1514 1458 Quae
1538 1427 1617 1449 sane
1639 1427 1728 1451 recte

225 1473 390 1506 intellexit
412 1470 582 1501 Mosheim
603 1468 645 1500 ad
666 1467 868 1516 Cudworthi
888 1476 1034 1510 systema
1061 1469 1289 1500 intellectuale
1311 1478 1381 1511 cap.
1405 1473 1438 1509 4.
1463 1468 1494 1511 ff.
1522 1477 1555 1508 7.
1597 1471 1730 1520 Deinde

222 1537 301 1559 vero
319 1525 423 1555 Mich.
439 1523 623 1554 Hanovius
636 1524 870 1563 interpretatus
896 1530 956 1558 est,
979 1523 1191 1554 Aristotelem
1213 1532 1283 1553 non
1308 1522 1471 1557 docuisse.
1500 1524 1635 1555 nullum
1658 1536 1727 1556 om-

219 1583 302 1612 nino
320 1578 421 1609 fuisse
441 1575 626 1618 Orpheum,
646 1574 704 1606 sed
720 1574 905 1617 Orpheum,
928 1576 987 1617 qui
1002 1574 1113 1610 fuerit,
1142 1584 1212 1606 non
1236 1573 1338 1606 fuisse
1362 1582 1514 1617 poetam:
1552 1577 1726 1616 hactenus,

221 1635 346 1667 dicens,
374 1630 542 1672 aptissima
566 1638 637 1660 esse
659 1628 771 1663 verba,
794 1638 879 1670 quae
901 1628 1066 1660 addiderit
1090 1627 1208 1660 Cotta:
1233 1634 1267 1657 et
1287 1628 1353 1657 hoc
1384 1627 1572 1667 Orphicum
1594 1641 1727 1663 carmen

220 1683 432 1728 Pythagorei
455 1689 518 1714 etc.
534 1680 603 1713 vid.
618 1682 654 1712 in
671 1680 845 1724 Disquisit.
860 1681 981 1723 philos.
1000 1688 1186 1724 argument.
1233 1681 1390 1713 Analecta
1406 1680 1448 1712 de
1463 1680 1597 1724 Orpheo
1610 1695 1643 1726 p.
1652 1692 1725 1725 337.

219 1740 286 1771 Sed
312 1741 381 1779 ipse
405 1739 472 1776 jam
494 1745 632 1766 monere
655 1734 755 1765 debui
748 1742 774 1764 ·t
795 1741 912 1765 contra
932 1744 1007 1765 eam
1026 1736 1347 1776 interpretationem,
1376 1734 1584 1771 Ciceronem,
1609 1738 1675 1768 hoc
1696 1740 1725 1769 si

218 1792 392 1825 voluisset,
415 1788 525 1819 dicere
549 1788 752 1830 oportuisse·
792 1782 962 1827 Orpheum
981 1787 1182 1819 Aristoteles
1206 1787 1305 1818 docet
1329 1797 1498 1829 nunquam
1511 1778 1631 1833 fuisse
1648 1801 1728 1837 post

219 1854 300 1878 cam.
341 1844 387 1877 At
405 1843 538 1885 gravior
556 1851 653 1872 causa
667 1848 758 1871 vetat
773 1842 832 1872 illo
846 1840 951 1873 modo
968 1829 1186 1884 interpretari.

304 1951 461 1994 Namque
483 1948 593 1985 Cotta,
623 1948 795 1991 disputans
818 1956 935 1980 contra
949 1948 1138 1981 Democriti
1155 1948 1318 1999 placitum
1342 1948 1383 1980 de
1400 1949 1614 1996 imaginibus,
1639 1961 1726 1995 quae

220 2014 342 2042 autem,
364 2004 487 2047 inquit,
510 2010 641 2033 vestrae
656 2004 818 2045 imagines
836 2010 894 2033 aut
908 2002 1025 2034 unde?
1049 1997 1236 2032 Οηιιιὶωη·
1227 2012 1262 2032 ιη
1278 2003 1429 2033 animum
1444 2013 1560 2033 meum
1578 2004 1725 2036 incidere

219 2066 361 2103 possunt
385 2057 560 2100 imagines,
589 2055 740 2092 Homeri,
770 2055 974 2099 Archilochi,
1004 2055 1152 2092 Romuli,
1180 2054 1321 2092 Numae,
1352 2065 1395 2087 an
1423 2066 1505 2088 vero
1536 2066 1575 2087 ex
1605 2055 1725 2095 forma,

219 2124 285 2156 qua
309 2113 356 2143 illi
377 2112 441 2141 viri
463 2109 625 2147 fuerunt?
653 2110 712 2142 Sin
732 2112 856 2160 minus,
884 2109 967 2153 quid
990 2110 1114 2141 horum
1132 2111 1282 2142 virorum
1304 2111 1466 2153 imagines
1491 2110 1726 2152 appellentur?
1753 2149 1759 2154 ἢ

1683 2163 1728 2195 Et
