1973 2714
986 228 1031 263 5¹-

259 329 400 357 statuere
415 322 607 362 poter-atyn).
651 318 773 362 Atque,
792 321 820 352 si
846 320 914 351 huc
934 330 1035 352 vocas
1062 319 1204 351 alterum
1226 316 1692 363 fragmentum'apudProcl.
1706 318 1754 350 fin

256 372 343 403 Tim.
359 373 397 402 11.
418 383 450 414 p.
476 373 529 412 96.
554 380 595 406 2.,
619 378 733 403 aerem.
751 379 862 403 totum
886 372 1054 402 mundum
1079 372 1338 401 circumdedisse
1361 374 1574 413 spatiumque
1595 381 1755 405 vacuum,

256 427 291 458 in
307 437 375 469 quo
388 428 536 469 positum
553 433 621 458 erat
635 425 758 463 Chaos,
776 426 927 469 *explesse
940 432 1084 469 apparet.
1129 424 1181 456 Ibi
1199 425 1291 457 enim
1309 423 1478 467 Nox⁴(pro
1494 435 1558 469 qua
1574 425 1754 459 Damascio

255 479 396 518 Erebus)
412 479 583 521 demiurgo
597 480 723 514 suadet,
745 486 786 510 ut
800 479 969 510 mundum
985 478 1173 510 circumdet
1189 478 1332 512 aethere,
1349 479 1443 517 coelo
1466 480 1501 508 in
1514 479 1627 509 medio
1641 480 1754 520 posito

256 538 320 565 etc.
338 530 380 563 cf.
396 531 437 563 de
452 541 599 575 cosmog.
620 539 752 575 quarta-1

344 637 447 669 Porro
464 637 610 669 mundus
625 638 708 668 dum
722 638 845 669 latebat
858 636 920 669 sub
937 636 1040 673 Chao,
1064 636 1209 668 tenebris
1223 636 1289 667 fuit
1306 637 1471 668 obtectus.
1502 636 1547 669 Et
1563 635 1625 666 hae
1640 642 1753 668 autem

258 690 385 734 faciunt
401 701 577 732 personam
591 693 627 721 in
644 692 796 722 omnium
815 692 1107 733 cosmogoniarurn
1131 692 1256 733 lingua,
1278 690 1413 721 nostra‘e
1435 689 1575 732 quidem
1598 688 1757 728 Erebum,

258 736 394 776 aliarurn
421 745 563 775 Noctem
586 752 643 775 aut
669 745 855 781 Tartarum,
886 755 1001 776 omnes
1034 745 1136 776 simul
1166 745 1200 783 in
1225 743 1401 776 Hesiodea.
1455 742 1629 774 Tenebrae
1654 743 1759 785 igitur

258 799 461 828 comitantur
474 797 602 834 Chaos3
626 798 708 828 dum
722 798 789 828 hoc
802 799 958 833 nascitur,
980 805 1014 828 et
1031 799 1183 828 oriuntur
1206 798 1300 827 illae:
1325 806 1427 838 quare
1453 795 1570 827 fratres
1586 795 1698 827 Chaos
1723 803 1757 827 et

258 850 397 891 Erebus,
422 857 563 893 uterque
579 860 596 881 a
612 848 749 889 Chrono
764 857 932 892 pronatus.
973 850 1063 893 Ergo
1079 858 1171 880 nunc
1187 849 1273 880 nihil
1297 851 1365 889 jam
1390 848 1483 881 adest
1503 850 1541 879 in
1565 858 1678 880 rerum
1701 858 1756 880 na-

258 911 343 941 tura,
369 913 471 944 quam
485 902 634 933 mundus
648 904 684 932 'm
699 903 796 937 chao,
819 902 970 943 perfusus
991 911 1048 934 aut
1064 902 1286 935 cirmundams
1302 907 1374 934 aere
1390 902 1533 934 humido
1549 910 1583 934 et
1607 903 1755 937 tenebris

261 955 410 987 obrutus.
469 954 601 994 Deinde
627 962 707 984 vero
740 955 867 997 primus
892 955 981 985 calor
999 953 1038 985 fit
1057 956 1270 997 primumque
1291 956 1415 991 lumen,
1443 956 1659 988 nato-Erote
1681 956 1755 988 eive

260 1009 423 1049 Rhama,
445 1009 482 1040 in
499 1009 720 1051 quanotione
735 1006 928 1051 explicanda
947 1009 1105 1052 prolixius
1125 1016 1175 1041 est
1189 1008 1426 1042 disserendum.

300 1135 305 1140 ·
345 1115 539 1156 statuerunt
552 1113 710 1146 Amorem
724 1114 760 1145 in
773 1122 885 1145 rerum
899 1114 998 1145 initio
1012 1121 1087 1145 tum
1109 1116 1328 1158 cosmogonia
1346 1114 1521 1151 Hesiodea,
1550 1124 1644 1159 cum-
1651 1115 1753 1158 pluri-

259 1170 310 1217 mi
327 1168 522 1211 philosophi
541 1166 620 1208 inde
643 1178 661 1199 a
676 1167 868 1209 Pherecyde
888 1167 995 1208 syrio,
1029 1167 1150 1199 deinde
1172 1168 1414 1211 adoptavetunt
1435 1167 1584 1211 Orphich
1614 1168 1756 1201 diversis·

260 1221 390 1253 diverso
403 1219 507 1254 modo
524 1219 566 1252 de
579 1230 619 1253 eo
634 1227 821 1253 enarrantes
838 1227 912 1253 tum
927 1220 977 1253 ini
993 1227 1067 1252 tum
1082 1220 1128 1253 hi.

316 1312 319 1316 Δ
345 1306 459 1359 i’ximo
472 1334 566 1367 pater
579 1326 709 1358 Amoris
724 1325 790 1365 fuit
804 1327 992 1357 secundum
1007 1327 1187 1368 Argonaut.
1196 1327 1413 1358 Damascium
1420 1327 1583 1358 Proclum
1597 1334 1631 1358 et
1639 1327 1754 1359 Schol.

260 1380 414 1422 Apollon.
430 1379 464 1409 ll.
486 1387 535 1409 cc.
567 1377 732 1419 Claranus,
754 1387 815 1420 pro
835 1386 902 1420 quo
926 1378 988 1409 alia
1010 1377 1173 1420 fragmina
1189 1376 1346 1409 deberem
1368 1379 1517 1420 produnt
1540 1380 1691 1410 Lactant.
1715 1379 1757 1410 de

207 1438 209 1440 ·
261 1431 333 1467 fals.
348 1432 439 1474 relig.
461 1431 486 1462 L
509 1436 531 1470 5
557 1430 666 1463 Procl.
690 1431 729 1462 IL
751 1441 784 1473 p.
811 1437 897 1470 132..
927 1428 1099 1473 Antiphon
1123 1429 1282 1464 Comicus
1305 1439 1447 1465 matrem
1470 1427 1593 1464 fecerat
1613 1432 1759 1465 Noctem

262 1491 390 1527 patrem
399 1483 514 1520 ‚chaos
531 1484 615 1515 Iren.
630 1483 756 1515 advers.
767 1482 952 1525 Haeresgll.
971 1493 1032 1523 19„
1047 1486 1136 1516 sicut
1149 1484 1387 1527 Aristophanes
1400 1486 1499 1516 Avib.
1513 1486 1589 1525 696.
1613 1485 1758 1516 Noctem

262 1544 298 1568 et
312 1537 469 1568 Erebum.
498 1535 553 1566 *In
570 1536 727 1567 omnibus
743 1536 924 1567 notionum
937 1536 1133 1568 similitudo.
1178 1536 1249 1568 Iam
1269 1547 1351 1568 vero
1368 1537 1604 1579 Aristophanes
1626 1531 1755 1579 primu)

261 1596 321 1626 est,
343 1590 402 1634 qui
418 1599 458 1620 ex
475 1598 541 1622 ovo
557 1588 717 1630 prodiisse
733 1588 891 1620 Amorem
906 1595 1025 1620 narrat.
1040 1588 1159 1630 Quid?
1179 1589 1273 1631 quod
1288 1599 1305 1620 a
1321 1588 1463 1633 Comico
1480 1597 1579 1632 poeta
1595 1590 1662 1621 hoc
1677 1591 1755 1623 ado—

261 1636 503 1687 ptavitssseri'osa
519 1639 742 1681 Orphicorum
756 1639 974 1680 simplicitas?
994 1639 1135 1671 Poetam
1148 1643 1308 1672 nimirum
1325 1642 1511 1673 movebant
1525 1642 1581 1673 dei
1603 1643 1690 1679 alae,
1715 1653 1756 1675 ut

262 1695 397 1729 statrem
410 1692 533 1726 faceret
550 1694 664 1725 avium
680 1699 714 1725 et
729 1701 832 1736 aeque
847 1691 958 1724 achas
973 1700 1012 1723 ex
1028 1700 1094 1724 ovo
1108 1700 1313 1737 prognatum
1319 1694 1471 1726 irrisurus
1480 1693 1631 1739 fingeret,
1654 1704 1757 1742 atque

263 1762 301 1782 ea
322 1748 568 1780 necessitudine
590 1748 771 1788 superbum
787 1748 825 1777 in
852 1756 987 1778 scenam
1014 1744 1214 1787 produceret
1243 1749 1358 1779 avium
1387 1750 1541 1786 chorum,
1584 1753 1757 1792 pathetice

263 1800 460 1835 hexametris
476 1799 637 1841 originem
653 1799 816 1840 illustrem
835 1797 1067 1833 declarantem,
1090 1808 1176 1840 quae
1190 1807 1270 1830 cum
1294 1798 1409 1831 fratres
1426 1809 1535 1832 essent
1550 1802 1692 1839 Amoris,
1713 1805 1755 1835 ad

264 1857 375 1889 Chaos
390 1855 537 1897 priscum
551 1860 680 1895 poterat
701 1851 816 1884 reduci
828 1852 979 1894 ipsasque
993 1850 1054 1883 diis
1065 1851 1199 1884 Graecis
1214 1853 1418 1896 antiquiores
1434 1853 1579 1888 debebat
1592 1856 1751 1899 profiteri,

264 1908 352 1940 Nam
366 1909 403 1938 in
414 1906 624 1951 mythologia
638 1905 802 1947 Hesiodea
815 1904 981 1946 praecedit
993 1905 1097 1935 Amor
1112 1906 1272 1941 Uranum,
1289 1906 1441 1940 Cronum
1457 1914 1493 1938 et
1505 1909 1521 1937 J
1524 1918 1633 1940 ovem.
1664 1911 1754 1946 Illud

1113 1957 1144 1989 G
1172 1966 1190 1989 2
1282 1991 1285 1993 Α
1374 2000 1376 2002 ,
1415 2004 1417 2006 v
1559 1965 1561 1968 '
1641 1971 1757 2002 autern

334 2066 369 2101 n)
385 2063 557 2093 numacius
575 2070 604 2092 st
620 2063 819 2101 Argonautica
834 2058 967 2092 erenum
983 2072 1004 2093 s.
1023 2059 1175 2093 Chronnm
1190 2062 1301 2093 faciunt
1319 2064 1420 2093 Erotis
1439 2073 1468 2093 et
1476 2057 1613 2096 Aetheris
1631 2076 1755 2108 patrem,

332 2111 347 2116 ”
370 2108 567 2150 &nguentum
584 2108 693 2146 Etotis,
712 2116 741 2136 et
755 2109 930 2142 Ventorum.
1428 2125 1431 2128 ·
