1973 2714
924 289 971 330 ⁶9

201 386 364 429 Halbgott
384 382 462 421 war,
482 384 629 416 sondem
659 386 737 417 weil
765 379 827 417 die‘
842 385 1003 416 Thracier
1020 401 1066 408 —
1087 384 1194 414 Baren
1226 395 1336 415 waren
1360 380 1401 408 '—
1425 385 1522 415 nicht
1556 384 1634 414 weil
1666 392 1703 413 er

201 439 494 471 iiber-menschlich
515 450 609 482 sang,
632 439 777 471 sondern
800 440 876 472 weil
898 440 990 471 scine
1009 438 1159 469 Zuh‘drer
1180 439 1245 469 wie
1276 437 1382 470 blosse
1406 437 1700 470 Naturmenschen

201 494 331 527 horten,
360 502 419 523 aus
448 493 532 523 eben
563 493 640 524 dem
664 488 822 528 ›Gn-unde,
852 494 917 523 wie
947 492 1038 522 nach
1063 491 1208 521 Forsters
1237 491 1373 521 Bericht
1404 491 1457 522 die
1485 491 1702 523 Schottische

202 544 391 588 Sackpfeife
412 544 466 576 die
488 552 594 588 guten
614 546 732 578 Seelen
754 544 816 576 auf
834 545 950 576 Tahiti
977 545 1015 575 in
1036 543 1242 577 Entzficken
1264 550 1380 575 setzte.

288 652 335 682 Ita
358 661 435 682 cum
458 662 518 693 pro
541 654 660 695 quovis
682 654 764 682 vivo
788 659 886 682 motu
908 659 1061 682 externae
1082 659 1220 682 naturae
1243 659 1277 682 et
1308 648 1469 685 internae,
1494 660 1554 692 pro
1578 648 1701 681 affectu

202 707 306 748 igitur
333 707 462 741 amoris,
492 716 555 748 pro
583 706 810 737 enthusiasmo
841 706 1088 747 prophetarum,
1118 715 1178 746 pro
1211 705 1333 735 bellico
1364 703 1477 735 furore
1505 711 1538 735 et
1566 703 1702 745 poetico

200 766 362 800 ponerent
379 759 480 789 deum
502 767 673 790 auctorem
703 758 772 797 (cf.
787 758 829 788 de
851 758 981 800 Theog.
1003 759 1106 797 Hes),
1135 759 1352 800 quantumvis
1382 756 1579 798 imperfecta
1602 755 1703 786 fuerit

199 812 369 843 Thracum
390 813 515 844 musica
538 811 695 855 rudisque
716 821 835 843 eorum
858 821 975 843 sensus
988 812 1150 847 musicus,
1173 818 1285 842 tamen
1308 812 1399 842 inter
1419 821 1477 843 eos
1493 810 1618 841 Musae
1642 818 1699 850 po-

199 872 308 896 terant
329 866 433 895 nasci.
477 866 550 896 Hae
570 867 661 895 enim
687 866 785 895 initio
807 872 941 895 tantum
970 872 1064 895 erant
1096 864 1178 895 deae
1200 865 1358 900 Illusices,
1390 865 1634 907 qualiscunque
1663 873 1702 893 ea

199 917 274 955 fuit,
304 926 337 949 et
368 920 428 960 qui
457 927 537 949 cum
558 918 688 949 Musica
715 910 847 957 seniper
874 924 968 948 erant
996 918 1180 956 conjuncti,
1203 924 1321 949 cantus
1349 925 1383 949 et
1412 908 1622 952 saltationis,
1645 916 1702 946 vel

199 973 312 1014 potius
337 980 444 1013 usque
468 970 510 1000 ad
531 970 719 1001 Homerum
741 980 841 1000 unam
863 977 996 1000 tantum
1021 971 1159 1001 Musam
1186 973 1259 1003 sine
1287 974 1427 1003 nomine
1456 971 1562 1003 fuisse
1595 969 1699 1001 credi-

199 1026 267 1057 bile
289 1031 347 1056 est.
392 1023 524 1066 Deinde
546 1025 650 1054 crevit
671 1033 841 1059 numerus,
864 1030 898 1053 at
919 1024 964 1053 ita
996 1030 1035 1053 ut
1058 1025 1336 1065 complecteretur
1355 1033 1488 1056 tantum
1519 1025 1596 1056 deas
1630 1034 1698 1062 ma-

200 1079 283 1109 sices
311 1073 603 1118 (MclpomenerD,
637 1082 756 1107 cantus
787 1076 1095 1119 (Polyhymniam)
1124 1085 1159 1109 et
1187 1078 1385 1109 saltationis
1406 1078 1702 1121 (Terpsichoren)

201 1140 235 1163 et
265 1133 293 1162 si
321 1132 373 1161 vis
402 1130 525 1161 addere
553 1129 650 1160 deam
680 1130 925 1160 cantilenarum
953 1131 1198 1161 amator-iarum
1223 1131 1380 1172 (Erato).
1402 1132 1628 1173 Posteaquam
1657 1140 1700 1161 cx
1721 1139 1740 1148 r

202 1191 315 1219 cantu,
330 1178 464 1214 ‘musica
488 1189 521 1213 et
540 1183 713 1213 saltatione
736 1181 898 1213 infestis
926 1190 1003 1214 nata
1026 1191 1105 1214 sunt
1126 1186 1233 1225 prima
1255 1185 1425 1220 dramata,
1446 1191 1480 1215 et
1502 1185 1554 1215 his
1580 1183 1703 1214 Musae

201 1238 403 1269 constitutae
416 1243 497 1269 sunt
510 1235 612 1267 duaez
634 1244 667 1267 et
690 1238 850 1279 quoniam
875 1243 909 1267 et
938 1247 956 1268 a
983 1239 1234 1280 navigatoribus
1258 1247 1295 1270 et
1312 1239 1354 1270 ab
1376 1239 1530 1282 agn‘colis
1552 1240 1620 1278 jam
1643 1247 1700 1269 an-

200 1291 341 1333 tiquitus
362 1290 469 1331 prima
500 1295 533 1319 et
560 1288 650 1319 rudis
680 1289 789 1330 aliqua
819 1289 966 1319 siderum
997 1287 1238 1332 contemplatio
1270 1294 1424 1322 instituta
1444 1291 1565 1326 fuerat,
1584 1292 1702 1322 omnia

199 1353 289 1380 vero,
317 1352 400 1385 quae
430 1342 666 1378 edocebantur,
696 1342 876 1374 memoriae
904 1342 1149 1375 mandabantur
1178 1352 1211 1376 et
1242 1345 1466 1381 discebantur,
1495 1345 1704 1376 carminibus

199 1396 318 1427 tradita
347 1402 448 1430 erant,
479 1396 568 1425 inter
586 1395 701 1425 Musas
724 1396 824 1425 etiam
853 1395 984 1426 Urania
1002 1397 1120 1427 locum
1147 1399 1276 1428 habuit.
1322 1399 1372 1428 Ita
1402 1398 1494 1433 Clio,
1524 1399 1602 1439 quia
1633 1408 1702 1427 ma-

199 1451 311 1488 jorum
333 1445 421 1478 lacta
436 1448 537 1477 initio
557 1447 715 1478 versibus
737 1446 948 1479 docebantur
971 1456 1133 1489 posteros.
1185 1450 1251 1481 Sed
1280 1451 1374 1481 haec·
1394 1451 1508 1481 omnia
1537 1451 1701 1491 posterius

202 1504 421 1542 accesserunt,
450 1499 569 1530 Musae
595 1506 654 1530 aut
684 1499 782 1530 Musa
808 1501 1050 1544 antiquissimis
1082 1502 1238 1534 Graeciae
1265 1505 1384 1534 incoHs
1415 1514 1486 1535 non
1515 1504 1619 1534 erant'
1636 1504 1707 1533 nisi

201 1554 311 1585 sociae
332 1552 505 1583 hilaritatis
525 1560 664 1583 naturae
685 1553 875 1588 hominum,
905 1555 941 1584 in
963 1553 1056 1586 festis
1080 1558 1275 1586 canentium
1300 1564 1334 1586 et
1354 1558 1560 1587 saltantium.
1587 1556 1702 1596 Quare

201 1607 230 1636 ai
248 1599 322 1644 jam³
337 1604 474 1634 fuerunt
493 1606 583 1634 inter
596 1606 751 1640 Thraces,
772 1615 838 1636 nec
860 1607 981 1636 horum
997 1617 1135 1637 sensum
1156 1609 1335 1639 cultiorem
1349 1610 1507 1649 probant,
1526 1618 1639 1650 neque
1662 1608 1703 1638 hi

201 1657 299 1690 mdes
323 1666 438 1689 earum
458 1664 667 1689 veneratores
690 1659 775 1698 ipsas
797 1657 931 1689 faciunt
956 1658 1090 1690 doctas.

648 2004 720 2057 De
756 2018 995 2071 Theogonia
1032 1995 1246 2059 Hesiodea.

289 2132 392 2175 Quod
415 2134 504 2165 inter
530 2139 583 2165 tot
613 2134 759 2186 populos*
788 2142 822 2167 et
853 2136 941 2168 orbis
964 2137 1093 2179 antiqui
1115 2144 1152 2168 et
1173 2136 1328 2170 hodierni
1351 2136 1480 2173 factum
1504 2146 1565 2176 est,
1581 2146 1629 2170 nt
1650 2149 1706 2171 rtr-

209 2187 262 2218 die
284 2189 438 2230 quamvis
458 2195 492 2219 et
513 2188 639 2220 inculta
662 2189 844 2221 hommum
864 2187 1000 2232 ingenia
1019 2190 1061 2222 de
1081 2192 1199 2233 primis
1219 2201 1332 2224 rerum
1352 2193 1542 2235 originibus
1559 2201 1593 2225 et
1615 2195 1706 2235 pn'n-

1608 2256 1703 2287 cipue
