1973 2714
983 308 1027 338 7⁰

253 402 345 442 cipiis
367 402 433 438 jam
456 399 677 441 cogitaverint
708 406 742 428 et
772 397 1063 440 philosophemata
1093 398 1293 438 protulerint
1317 400 1755 442 cosmogonicavquantum-

251 456 302 484 vis
325 463 363 484 ea
386 451 480 483 rudia
503 459 537 483 et
560 451 734 483 incondita
758 459 856 493 atque
879 451 920 481 ab
944 450 1102 481 omnibus
1126 451 1310 482 rationibus
1334 452 1577 495 philosophicis
1610 462 1643 484 et
1672 455 1756 496 phy-

249 508 326 537 sicis
356 506 471 540 aliena,
499 505 535 535 id
567 507 712 535 maxime
741 505 828 545 apud
860 503 1284 545 antiquissimos'Graecos
1317 505 1433 535 locum
1456 507 1583 538 habuit.
1627 507 1756 538 Multos

241 569 329 591 sane
358 559 497 599 mythos
530 560 789 601 cosmogonicos
820 564 963 588 aetatem
994 566 1111 587 eorum
1141 557 1328 597 mythicam
1357 559 1534 599 protulisse
1558 567 1689 601 oportet
1710 567 1757 590 at-

252 624 329 655 que,
359 623 439 643 cum
469 614 581 642 omnia
614 612 763 641 cultioris
792 612 918 652 ingenii
949 611 1044 641 initia
1066 612 1103 643 in
1125 618 1301 651 poetarum
1323 612 1378 641 vel
1400 614 1512 652 potins
1535 612 1627 643 οἷοιδὸν
1652 614 1756 644 mani-

252 659 465 700 busessent,
498 664 603 694 multa
634 663 790 694 habuisse
820 664 975 698 carmina,
1012 673 1097 705 quae
1118 673 1229 693 rerum
1253 671 1484 707 generatamm
1507 666 1680 697 historiam
1705 676 1756 696 ex-

251 726 446 762 posuemnt‚
477 718 609 748 tametsi
640 718 698 759 qui
728 707 841 748 sei-ius>
856 718 892 747 in
914 717 1095 747 hominum
1117 717 1272 749 manibus
1297 724 1399 754 erant,
1423 718 1500 749 libri
1522 721 1755 762 cosmogonici

259 774 450 811 Thamyrae,
480 770 610 808 Orphei
637 777 670 798 et
695 768 859 807 Eumolpi
886 776 920 798 et
945 762 1111 803 Lini,'ne
1138 770 1278 800 umbrae
1299 771 1437 812 quidem
1459 771 1584 801 fuerint
1608 772 1755 813 deperdi-

251 836 363 859 torum
392 824 589 855 canuinum.
655 822 684 852 E
713 829 890 864 poetarum
919 816 1040 853 deinde
1068 822 1223 854 manibus
1253 824 1463 866 quaestiones
1496 826 1754 868 cosmogonicae

250 885 417 911 venemnt
439 877 481 908 ad
503 877 723 918 philosophos
744 877 921 917 pn’ncipes,
951 875 1030 908 inde
1052 887 1070 906 a
1094 876 1288 916 Pherecyde
1309 877 1416 917 Syrio,
1445 888 1560 920 neque
1586 879 1673 909 hanc
1702 889 1753 910 so-

248 936 322 965 lum
342 933 485 973 primam
506 931 680 961 materiam
701 930 917 971 primumque
939 936 1050 970 caput.
1072 929 1164 971 quod
1182 939 1241 971 per
1263 931 1407 972 longum
1429 938 1563 973 tempus
1577 933 1753 973 praecipue

248 988 419 1028 multique
441 995 568 1019 eorum,
590 991 629 1013 ut
650 982 794 1018 videtur,
815 982 910 1012 unice
930 981 1159 1017 absolvebant,
1182 990 1350 1024 receperat
1372 983 1586 1026 philosophia
1608 995 1626 1016 a
1647 987 1752 1027 poesi,

247 1041 307 1075 „ed
331 1047 365 1070 et
388 1032 495 1079 ipsam
521 1037 661 1066 retinuit
690 1038 760 1074 ejus
790 1035 1028 1066 enan-andi'et
1056 1035 1246 1075 exponendi
1274 1037 1438 1067 rationem
1468 1038 1665 1077 mythicam,
1692 1040 1751 1068 lin-

249 1104 351 1137 guam
375 1099 476 1134 atque
496 1090 766 1131 prosopopoeiae,
788 1090 858 1121 imo
889 1089 996 1130 ipsam
1022 1089 1147 1128 poesin.
1192 1087 1347 1130 Namque
1369 1088 1600 1131 Xenophanes,
1621 1090 1750 1122 Parme·

247 1147 343 1178 nides
376 1146 501 1186 aliique
530 1144 673 1185 cogitata
703 1153 763 1173 sna
789 1149 821 1172 et
850 1142 970 1182 placita
1001 1142 1267 1172 enunciaverunt
1296 1142 1465 1172 versibus:
1497 1142 1750 1185 distinguuntur

246 1200 353 1233 modo
377 1198 532 1230 omnium
554 1194 623 1226 fere
644 1195 935 1236 philosophemata
958 1194 999 1225 ab
1023 1195 1168 1236 antiquis
1191 1201 1377 1235 poetarum,
1404 1201 1444 1225 ut
1472 1204 1533 1237 pro
1565 1198 1748 1239 generatio-

226 1256 332 1285 'num
354 1251 490 1283 historia
513 1249 666 1280 dederint
689 1249 900 1291 quaestiones
923 1246 965 1279 de
985 1247 1100 1289 primis
1131 1256 1243 1278 rerum
1266 1247 1450 1284 elementis,
1479 1258 1541 1290 pro
1572 1258 1747 1293 cosmogo-

246 1310 303 1342 nia
333 1304 636 1345 cosmophysicam.

336 1415 407 1444 Iam
434 1410 532 1441 valde
560 1409 732 1451 probabile
758 1415 818 1444 est,
845 1418 885 1439 ex
913 1408 967 1438 illa
1000 1414 1176 1449 poetarum
1204 1414 1310 1440 aetate
1332 1415 1366 1440 et
1386 1408 1488 1440 hodie
1512 1410 1610 1441 nobis
1635 1420 1745 1453 super-

248 1478 319 1501 esse
340 1465 494 1506 reliquias
517 1463 646 1504 antiqui
668 1462 806 1499 alicujus
829 1458 931 1496 ἶίοιδοῧ,
953 1467 1096 1491 serva-tas
1118 1457 1278 1490 nimirum
1294 1462 1336 1490 ·in
1357 1462 1549 1501 Theogonia
1565 1463 1745 1494 Hesiodea.

246 1522 364 1555 Saltim
388 1519 455 1550 hoc
476 1525 537 1558 pro
567 1514 795 1546 certohaberi
815 1521 936 1556 potest,
967 1515 1036 1553 ejus
1060 1514 1215 1544 carminis
1238 1515 1606 1556 argumentum‘multo
1629 1516 1744 1548 Hesio-

246 1577 292 1607 do
322 1568 634 1614 antiquiusj'uisse,
668 1577 807 1609 quoquo
830 1564 909 1597 .i11e'
924 1574 1075 1607 tempore
1106 1567 1198 1596 vixit.
1243 1564 1357 1607 Ipsum
1380 1569 1471 1598 enim
1495 1569 1587 1600 hunc
1610 1578 1745 1610 poetam

242 1632 311 1670 jam
334 1627 481 1659 alienum
503 1621 605 1657 fuisse
627 1632 645 1652 a
667 1630 748 1652 vero
770 1620 958 1651 multorum
976 1619 1176 1659 mythomm
1200 1627 1311 1655 sensu,
1333 1620 1440 1662 iisque
1464 1631 1534 1653 non
1549 1623 1659 1654 multo
1676 1634 1743 1655 me-

242 1684 308 1713 lius
331 1680 372 1711 ab
395 1679 479 1719 ipso,
502 1685 604 1717 quam
632 1681 747 1715 postea
777 1684 794 1703 a
817 1672 1014 1713 Rhapsodis,
1036 1673 1225 1707 intellectis,
1256 1673 1359 1703 alium
1381 1683 1480 1715 saepe
1501 1674 1742 1722 dedissepcolo-

241 1745 314 1766 rem
336 1740 370 1766 et
391 1739 554 1765 tenorem,
579 1735 678 1770 atque
702 1726 905 1757 ornamentis
936 1732 970 1756 et
992 1724 1226 1757 additamentis
1254 1726 1351 1757 aliter
1381 1736 1439 1758 eos
1468 1726 1619 1765 edidisse,
1642 1740 1743 1772 quam

241 1786 371 1819 factum
393 1790 488 1818 esset,
520 1784 549 1813 si
572 1782 753 1823 genuinam
780 1780 978 1819 mythorum
1006 1785 1160 1808 naturam
1189 1786 1223 1809 et
1253 1778 1404 1810 indolem
1433 1782 1596 1821 potuisset
1622 1786 1743 1825 perspi-

241 1850 327 1876 cere,
352 1837 448 1869 facile
472 1833 704 1867 animadversu
727 1840 776 1865 est
797 1840 831 1864 et
852 1838 942 1866 recte
964 1831 1178 1871 observatum
1201 1842 1219 1863 a
1242 1831 1385 1873 Heynio.
1410 1834 1441 1873 a)
1465 1832 1507 1865 cf.
1531 1833 1626 1867 infra.
1671 1837 1741 1869 Iam

241 1895 319 1936 quis
341 1891 499 1931 antiquus
522 1888 576 1918 ille
605 1894 704 1931 poeta
726 1885 839 1921 fuerit,
870 1893 988 1916 auctor
1015 1886 1326 1928 philosophematis‚
1356 1897 1459 1929 quam
1479 1888 1581 1930 longe
1604 1890 1670 1920 hoc
1692 1902 1739 1923 re-

240 1946 338 1980 cedat
365 1945 401 1976 in
424 1948 567 1975 aetatem
588 1940 776 1982 mythicam
806 1945 839 1970 et
863 1939 1042 1980 poeticam,
1063 1948 1165 1970 nemo
1189 1940 1279 1970 sciat.
1324 1940 1377 1970 De
1401 1939 1536 1982 Orpheo
1558 1938 1629 1973 noh
1654 1946 1741 1988 cogi-

240 2010 290 2035 tes
321 2009 405 2032 cum
432 1996 674 2029 Tiedemanno.
725 1994 851 2027 Saltem
878 1993 1067 2026 Homerum
1098 2000 1204 2026 aetate
1235 2001 1375 2037 superat.
1408 1993 1471 2035 (cf,
1500 1994 1617 2037 infra.)
1648 1998 1741 2040 Quid

1636 2051 1742 2082 vero?

311 2121 341 2155 a)
358 2119 526 2147 Commeat.
544 2118 606 2156 Soc.
624 2116 729 2145 Goett.‘
741 2116 777 2144 de
790 2115 887 2155 theog.
904 2114 1027 2143 Hesiod.
1046 2124 1075 2153 p.
1091 2121 1149 2150 135.
1170 2113 1274 2152 Quid?
1293 2116 1375 2153 quod
1393 2115 1470 2143 mihi
1491 2106 1651 2144 admodum
1671 2127 1740 2155 pro-

344 2161 440 2190 babile
464 2161 515 2193 lit,=
533 2169 650 2200 poetam
669 2171 685 2188 ι
709 2155 1084 2197 ῐιιὶιΙῑοτιιιιι-’ωγιὶιοὶ-ιιώ,
1105 2160 1158 2197 qui
1184 2161 1321 2188 notiones
1339 2160 1475 2204 playsicas
1494 2159 1740 2202 complodantur,

346 2210 437 2238 sensu.
453 2214 482 2235 et
496 2205 799 2249 intelligenti-affinia?
815 2205 955 2238 alienum,
975 2203 1078 2234 saltem
1094 2204 1130 2235 de
1146 2203 1312 2237 fabularum
1329 2205 1423 2235 causi·
1450 2214 1513 2234 non
1536 2204 1686 2243 cogitasse.
