1973 2714
950 214 993 249 75

219 306 372 350 adeoque
395 309 495 338 etiam
512 317 572 348 pro
596 305 843 348 antiquioribus
874 315 975 347 qnam
1003 305 1050 339 hi,
1078 315 1164 346 quos
1188 305 1321 336 Graecia
1347 305 1617 340 adhuc'colebat‚
1642 314 1721 334 cum

222 372 339 393 eorum
361 369 467 403 patres
478 367 521 392 et
544 362 597 391 avi
620 367 730 391 essent
753 360 786 389 in
814 359 969 389 carmine.
1018 357 1109 398 Quid
1139 358 1265 398 igitur?
1289 358 1380 400 quod
1410 358 1599 388 debuerunt
1622 367 1720 399 quae-

220 426 300 450 rere,
326 425 426 456 quare
454 418 563 455 neque
593 414 741 459 Uranum
769 422 832 442 nec
863 412 1045 445 Briareum,
1077 420 1140 440 nec
1171 410 1267 449 Gyen
1290 419 1323 441 et
1346 411 1497 447 Cottum,
1531 422 1632 454 quare
1653 420 1717 441 nec

218 462 379 499 Phoeben
409 477 472 497 nec
496 467 637 503 Theiam
668 465 747 496 deos
777 465 922 508 deasque
953 464 1107 498 colimuS,
1130 464 1259 504 solique
1289 464 1415 504 Jupiter
1442 472 1475 494 et
1498 464 1611 495 fratres
1635 474 1716 495 cum
1745 492 1749 494 .

216 521 396 556 sororibus,
428 519 569 562 filiisque
598 526 631 550 et
662 517 794 549 filiabus
816 509 1002 559 'imperium
1035 523 1069 546 et
1093 515 1280 557 Olympum
1304 508 1440 547 teneat?
1470 516 1571 558 Quod
1592 519 1620 548 si
1641 518 1716 559 quis

215 574 405 616 quaerebat,
447 573 543 604 facile
563 572 683 603 incidit
705 573 740 602 in
765 572 842 607 hoc,
870 578 910 601 ut
931 580 1034 600 unam
1059 569 1199 600 deorum
1223 571 1474 612 generationem
1503 570 1638 601 alteram
1667 581 1715 601 re·

216 638 284 670 gno
303 627 465 668 depulisse
481 626 644 667 proderet,
667 624 818 656 Cronum
836 626 938 666 igitur
962 634 1038 654 cum
1064 622 1220 654 fratribus
1239 624 1399 658 Uranum‚
1421 624 1606 666 Iovemque
1627 625 1714 654 simi-

213 681 288 711 liter
318 679 475 714 Cronum,
505 686 614 719 atque,
643 678 705 707 hac
738 678 896 718 opinione
927 677 962 705 in
990 677 1126 717 mythos
1157 677 1415 717 cosmogonicos
1446 677 1548 710 illata,
1569 677 1715 716 philoso-

215 734 336 775 phema
357 734 575 763 immutatum
599 740 702 773 eaque
724 731 912 760 mutatione
934 731 1086 772 quamvis
1110 730 1357 770 simplicissimo
1388 728 1492 763 modo
1524 730 1715 771 expositum

210 794 262 817 est
290 797 307 816 a
336 785 479 816 secundo
516 791 624 825 poeta,
668 785 738 813 sive
768 785 795 813 is
827 782 894 812 fuit
924 783 1100 817 Hesiodus,
1132 784 1202 813 sive
1232 790 1337 813 aetate
1369 782 1519 813 Hesiodo
1551 784 1712 823 superior.

211 839 300 870 Hinc
319 840 422 881 igitur
444 836 571 869 factum
586 843 645 872 est,
668 843 708 866 ut
731 835 909 866 daemones
932 836 982 865 illi
1005 836 1245 877 cosmogonici,
1268 836 1356 865 sicut
1378 835 1549 877 religionis
1573 835 1630 870 dii,
1658 845 1713 876 ap-

210 893 324 932 pellati
350 893 416 921 sint
446 893 572 924 βασιλεῖς
601 891 671 919 eive
700 886 828 917 a'a'munsv
844 896 944 929 atque
966 888 1087 919 mundi
1114 890 1292 929 imperium
1316 895 1427 919 tenere
1449 888 1542 924 dicti,
1563 887 1650 919 filios
1674 890 1713 919 ti-

210 953 312 979 mere,
344 953 387 973 ne
413 952 516 983 regno
547 951 581 972 se
610 942 753 982 privent,
798 947 956 980 tyrannos
987 950 1081 982 agere
1110 942 1146 970 in
1177 942 1316 982 prolem,
1346 950 1453 982 eoque
1478 943 1550 982 ipso
1575 942 1710 983 copiam

210 997 296 1031 dare,
319 1003 359 1026 ut
381 995 580 1025 seditionem
602 1000 777 1024 moverent
797 992 867 1023 filii.
912 994 1029 1023 Talem
1059 995 1163 1035 igitur
1191 996 1218 1025 si
1248 994 1339 1024 vides
1372 995 1407 1026 in
1434 996 1535 1025 tertio
1565 994 1708 1025 deorum

210 1055 396 1089 systemate,
424 1047 513 1077 Iovis
536 1053 619 1088 puto
647 1046 773 1077 bellum
790 1052 905 1076 contra
929 1045 1079 1076 Cronum
1103 1053 1136 1077 et
1160 1047 1305 1082 Titanes,
1327 1056 1420 1076 nunc
1441 1057 1512 1077 non
1534 1048 1601 1085 jam
1627 1054 1712 1077 con—¹

209 1102 324 1144 fugere
348 1101 447 1131 debes
471 1097 512 1130 ad
536 1106 689 1130 veterum
714 1100 934 1140 interpretum
963 1100 1219 1140 explicationem
1250 1100 1472 1141 allegoricam,
1504 1110 1589 1141 quae
1614 1100 1706 1131 Tita-

209 1154 424 1185 nomachiam
447 1152 527 1183 fecit
549 1152 793 1182 elementorum
822 1161 970 1193 pugnam
1000 1159 1033 1182 et
1063 1152 1273 1187 seditionem,
1305 1154 1366 1183 etsi
1394 1163 1434 1183 eo
1467 1155 1708 1194 cosmogoniae

207 1214 380 1248 momento
403 1206 500 1236 rebus
525 1204 673 1236 creandis
703 1203 777 1235 finis
800 1206 867 1243 jam
885 1206 930 1235 sit
951 1206 1130 1246 impositus
1156 1212 1189 1235 et
1213 1205 1364 1236 absoluta
1397 1207 1521 1236 omnia.
1558 1224 1563 1227 -
1589 1205 1706 1236 Nullas

208 1262 331 1303 quippe
353 1261 508 1289 notiones
531 1259 684 1299 physicas
708 1258 942 1299 complectitur
962 1258 1123 1289 Titanum
1147 1268 1269 1300 pugna,
1292 1259 1351 1290 sed
1375 1259 1590 1290 solummodo
1611 1269 1706 1291 nunc

207 1313 248 1344 de
270 1321 404 1345 summo
428 1311 567 1342 deorum
590 1311 779 1352 principatu
809 1312 862 1352 agi
892 1318 1035 1353 apparet.

289 1419 408 1447 Eidem
427 1427 528 1458 porro
553 1418 600 1445 illi
620 1417 661 1446 de
683 1418 781 1446 rebus
804 1418 951 1456 physicis
975 1418 1166 1456 exponendi
1186 1421 1309 1449 rationi
1330 1422 1500 1459 mythicae
1525 1422 1607 1451 alius
1624 1432 1705 1463 quo-

202 1482 270 1517 que
301 1471 428 1515 generis
458 1468 693 1504 additamenta,
724 1477 808 1512 quae
838 1468 975 1510 mythos
1004 1467 1154 1500 inferunt
1186 1471 1220 1501 in
1243 1471 1500 1514 philosophema
1524 1473 1649 1503 alienos
1671 1480 1705 1503 et

200 1533 438 1566 saepenumero
453 1523 550 1553 valde
571 1524 741 1557 molestos,
764 1525 885 1553 merito
901 1524 1037 1558 tribuas,
1060 1526 1223 1565 quamvis,
1247 1536 1332 1566 quae
1354 1526 1539 1556 debeantur
1552 1527 1702 1558 Hesiodo

201 1584 235 1608 et
257 1586 341 1619 quae
363 1574 544 1616 rhapsodis,
564 1575 620 1603 vix
643 1573 836 1615 distinguas.
882 1574 1015 1615 Quippe
1038 1584 1117 1604 cum
1140 1577 1273 1616 utrique
1296 1579 1361 1620 jam
1384 1587 1402 1605 a
1423 1586 1523 1606 sensu
1546 1579 1700 1618 antiquo-

201 1641 276 1662 rum
313 1628 510 1669 mythorum
548 1627 647 1658 alieni
686 1637 747 1669 per
787 1634 894 1658 totam
934 1627 1151 1669 theogoniam
1194 1628 1301 1658 solam
1337 1627 1472 1658 deorum
1509 1629 1703 1669 genitorum

204 1683 490 1715 enumerationem
526 1681 781 1722 suspicarentur,
826 1679 921 1711 facile
957 1681 997 1711 iis
1032 1682 1144 1722 potuit
1181 1681 1322 1723 placere,
1366 1689 1404 1712 ut
1437 1684 1465 1713 si
1500 1693 1585 1725 quos
1622 1684 1699 1716 deo-

199 1747 286 1773 rum,
331 1733 418 1777 apud
461 1740 574 1775 poetas
618 1733 842 1778 vulgatorum,
886 1733 998 1764 deesse
1042 1733 1204 1769 viderent,
1247 1733 1299 1765 his
1343 1743 1522 1765 numerum
1560 1737 1698 1767 illorum

199 1797 359 1832 augerent
382 1795 415 1818 et
437 1788 614 1828 explerent,
659 1794 716 1817 aut
738 1788 898 1829 quoniam
932 1788 1039 1818 vereri
1060 1797 1131 1818 non
1153 1794 1317 1829 poterant,
1360 1781 1404 1818 ῃέ
1426 1789 1598 1821 turbarent
1620 1800 1698 1832 poe-

201 1843 299 1874 matis
325 1848 477 1871 tenorem
501 1846 535 1869 et
556 1848 701 1873 sensum,
721 1840 846 1869 multos
870 1839 911 1869 de
934 1841 1087 1882 genuinis
1112 1840 1252 1869 deorum
1268 1843 1537 1881 generationibus
1560 1845 1697 1882 mythos

200 1897 368 1938 copiosius
405 1901 618 1937 exponerent,
650 1904 751 1935 quam
780 1894 1079 1936 philosophematis
1108 1894 1191 1925 ratio
1215 1894 1390 1936 poscebat:
1422 1902 1461 1926 ut
1483 1894 1630 1928 fabulam
1654 1896 1697 1929 de

198 1947 335 1985 Hecate,
356 1937 420 1974 nisi
443 1946 525 1975 haec
550 1953 620 1975 tota
644 1946 749 1975 aliena
772 1951 870 1976 erat.'
893 1948 931 1975 In
955 1948 1061 1976 alium
1082 1957 1162 1976 vero
1187 1957 1324 1976 censum
1346 1950 1497 1982 veniunt,
1521 1960 1607 1990 quae
1628 1961 1696 1980 ma·

199 2002 248 2043 gis
272 1998 424 2030 carminis
450 2008 551 2041 quam
571 1999 870 2041 philosophematis
892 2000 1089 2043 interpolata
1112 1998 1210 2036 dicas,
1231 2000 1337 2043 qualia
1361 2007 1439 2032 sunt
1460 2001 1495 2032 in
1519 2001 1695 2035 Musarum

197 2052 422 2084 invocatione,
453 2051 495 2079 ad
526 2051 674 2082 taedium
707 2063 814 2094 usque
843 2053 1005 2094 producta
1036 2064 1054 2083 a
1081 2053 1277 2093 Rhapsodis‚
1308 2061 1341 2083 et
1368 2055 1458 2084 aliud
1481 2056 1574 2096 quod
1596 2068 1696 2098 super

196 2111 334 2138 centum
351 2102 587 2147 complectitur
608 2112 733 2142 versus,
756 2116 775 2139 a
794 2106 941 2143 nemine,
965 2104 1055 2149 quod
1074 2106 1189 2142 miror,
1222 2102 1332 2138 adhuc
1361 2113 1528 2140 notatum.
1572 2109 1696 2153 Utique

1174 2161 1207 2192 R
1227 2169 1245 2192 2
1613 2165 1697 2196 mul-
