1973 2714
939 300 983 335 43

212 398 269 427 aut
287 402 347 434 pro
370 392 530 424 attributo
560 392 601 423 ad
631 392 731 434 pedes
763 402 841 423 eum
869 393 982 433 posuit
1014 392 1089 429 tab&
1105 391 1278 422 Mithriaca
1303 393 1323 423 1.
1349 401 1377 422 c.
1408 391 1464 422 Nr.
1488 395 1519 430 4.
1544 391 1610 422 tab.
1637 390 1709 422 216.

213 444 269 476 Nr.
304 456 329 476 1.
361 454 388 476 2.
421 447 486 477 tab.
519 454 591 484 217.
623 446 679 477 Nr.
717 453 805 484 1.-3.
835 453 893 476 aut
923 452 1054 486 sceptro
1088 445 1309 488 circumdedit
1335 445 1405 476 ead.
1438 446 1504 476 tab.
1530 445 1587 476 Nr.
1610 449 1643 485 4.
1667 443 1711 475 cf.

214 498 342 530 Gruter.
367 499 531 539 Inscn'ptt.
558 510 630 541 pag.
654 500 796 530 XXXIII.
824 509 872 529 11.
896 499 1003 528 XLIV.
1031 508 1058 528 1.
1082 503 1113 536 3.
1159 497 1252 527 Idem
1282 499 1396 528 locum
1425 499 1527 528 habet
1557 500 1592 528 in
1622 499 1710 528 binis

212 552 399 591 juvenibus,
423 553 490 594 qui,
520 562 606 584 unus
628 561 745 589 erecta,
775 553 857 583 alter
883 551 1048 583 declinata
1078 551 1160 587 face,
1183 551 1225 582 ad
1253 551 1353 581 latera
1376 558 1465 582 stant
1486 551 1640 587 Mithrae,
1672 559 1712 582 ut

214 607 376 635 orientem
399 606 504 635 solem
527 613 559 635 et
582 606 793 636 occidentem
814 613 935 636 notent
958 605 1015 644 (cf.
1031 604 1156 635 Montf.
1175 605 1275 634 Tom.
1292 603 1316 633 Ι.
1332 604 1388 633 lib.
1407 604 1459 633 IV.
1481 613 1549 645 cap.
1564 609 1587 643 4
1603 605 1643 644 .§.
1666 605 1716 642 4.)

212 657 280 688 vid.
304 657 515 695 Mithriacam
540 659 604 690 tab.
628 660 668 690 T.
690 660 715 690 Ι.
740 664 812 698 215.
835 659 901 690 tab.
928 666 1000 697 217.
1045 659 1129 690 Solis
1153 659 1189 689 in
1213 657 1352 689 Abi-axis
1374 656 1517 689 Mithras
1549 658 1619 699 ipse
1649 667 1712 688 ser-

213 721 294 751 pens
319 713 520 752 conspicitur
537 713 576 742 T.
600 713 653 742 III.
687 712 752 742 tab.
781 717 850 751 149.

246 821 251 836 ‘
296 818 380 849 Alae
409 826 521 849 autem
550 821 585 849 in
616 820 772 850 omnibus
802 818 870 850 fere
898 819 1040 850 Mithrae
1067 819 1269 860 imaginibus
1307 815 1397 853 suut,
1431 818 1487 848 vel
1514 817 1611 853 duae,
1646 828 1713 849 una

216 879 334 907 erecta,
358 873 459 902 altera
483 871 618 908 deflexa,
639 873 695 903 vel
717 879 869 915 quatuor,
899 882 1041 914 quarum
1058 873 1155 903 binae
1178 873 1351 907 orientem,
1375 871 1474 902 binae
1498 871 1713 904 occidentem

212 926 318 956 solem
347 925 505 957 indicant.
538 936 570 955 v.
600 935 629 956 c.
662 926 701 955 T.
731 926 755 955 L
785 926 850 956 tab.
882 930 955 964 215.
987 925 1044 956 Nr.
1076 936 1102 956 1.
1125 934 1154 956 Ω.
1199 925 1329 956 Eodem
1351 924 1456 956 modo
1480 926 1621 964 juvenes
1645 925 1711 956 tab.

213 977 379 1008 Mithriac.
403 984 436 1007 et
460 985 532 1016 219.

305 1084 406 1115 Tauri
429 1090 532 1124 caput
553 1083 671 1114 itidem
693 1085 779 1115 inter
798 1085 956 1115 attributa
976 1085 1118 1115 Mithrae
1141 1093 1190 1115 est
1212 1086 1250 1115 T.
1273 1086 1295 1116 I.
1320 1086 1385 1116 tab.
1409 1092 1482 1124 215.
1507 1086 1564 1116 Nr.
1588 1090 1620 1125 4.
1640 1087 1708 1117 tab.

216 1139 289 1171 216.
312 1145 411 1180 atque
434 1139 542 1180 plures
565 1139 769 1180 antiquitatis
792 1139 910 1180 populi
931 1139 976 1169 ita
1002 1137 1200 1169 effinxerunt
1222 1138 1342 1169 Solem.
1366 1138 1408 1170 cf.
1428 1139 1613 1170 Hermanni
1636 1139 1710 1179 My-

215 1193 298 1223 thol.
315 1193 355 1222 T.
377 1192 415 1221 ΙΙ.
432 1202 464 1231 p.
481 1196 553 1228 253.
598 1191 709 1221 Schol.
727 1190 768 1220 ad
782 1192 993 1231 Lycophron.
1018 1192 1089 1221 alic.
1136 1191 1211 1221 Dei
1235 1191 1378 1233 denique
1391 1187 1519 1236 facies,
1542 1194 1579 1222 ni
1603 1191 1711 1226 fallor,

214 1251 265 1276 est
286 1250 385 1287 capnt
405 1242 579 1287 radiatum,
601 1242 693 1285 quod
714 1244 808 1288 juxta
827 1250 953 1273 caetera
975 1243 1120 1274 Mithrae
1151 1244 1308 1274 attributa
1332 1246 1481 1286 positum
1505 1252 1555 1275 est
1579 1246 1615 1274 in
1638 1245 1710 1286 plu·

212 1298 304 1343 ribus
327 1289 537 1341 imaginibus,
559 1297 614 1327 vel
635 1296 677 1326 ad
699 1296 798 1337 pedes
820 1297 875 1326 vel
897 1298 932 1326 in
954 1298 1103 1338 supernis
1127 1297 1284 1338 partibus.
1318 1298 1361 1328 Et
1383 1308 1426 1328 ne
1450 1299 1517 1329 hoc
1541 1295 1709 1332 omittam,

212 1351 351 1392 pallium
374 1349 554 1385 stellatum,
577 1359 644 1391 quo
668 1349 756 1390 apud
778 1348 1082 1380 Montefalconium
1101 1350 1240 1380 indutus
1264 1352 1471 1392 conspicitur
1494 1351 1647 1386 Mithras,
1676 1350 1712 1380 id

213 1414 290 1435 ecce
311 1396 433 1435 iteruin
456 1403 594 1434 Herculi
622 1402 781 1433 tribuitur
803 1413 822 1433 a
843 1402 969 1433 Nonno
991 1403 1012 1433 l.
1039 1412 1067 1433 0.
1090 1403 1257 1444 epitheto:
1289 1401 1470 1444 οἶστροχιτων.

298 1509 517 1542 Manifestum
538 1511 640 1552 igitur
663 1518 733 1540 esse
753 1514 875 1550 potest,
904 1507 1048 1539 Mithrae
1075 1508 1201 1540 Persici
1229 1508 1353 1540 formas
1381 1511 1548 1541 transiisse
1570 1509 1612 1541 ad
1633 1511 1713 1542 Her-

213 1565 326 1596 oulem
358 1563 555 1608 Orphicum.
598 1563 646 1593 Ita
668 1572 749 1593 vero
780 1560 920 1593 tandem·
947 1569 1090 1604 apparet,
1127 1571 1187 1592 cur
1218 1563 1376 1593 Bacchus
1406 1563 1550 1594 totidem
1579 1564 1713 1606 illisque

212 1617 331 1647 iisdem
360 1615 476 1659 fonnis
503 1622 708 1648 memoratus
734 1616 872 1657 legatur,
901 1615 1011 1655 primo
1043 1615 1136 1645 tauri
1165 1623 1224 1646 aut
1254 1617 1339 1646 tauri
1362 1616 1479 1656 capite,
1512 1616 1629 1655 hym'n.
1653 1621 1707 1655 44.

210 1674 264 1708 45.
289 1676 338 1707 29.
359 1668 502 1711 Diacon.
525 1667 667 1707 Allegor.
692 1665 826 1696 Hesiod.
849 1676 880 1705 p.
896 1670 970 1703 305.
1016 1666 1127 1696 Nonn.
1144 1668 1284 1705 Dionys.
1310 1667 1345 1696 V.
1370 1667 1444 1704 563.
1467 1668 1517 1698 VI.
1543 1668 1613 1706 165.
1633 1666 1707 1707 2'05.

210 1731 286 1761 2⁰9·
310 1720 378 1750 VII.
403 1726 476 1757 320.
500 1718 553 1749 XI.
580 1710 649 1756 150.
672 1717 738 1747 XV.
762 1724 825 1755 30„
848 1717 953 1747 leonis
966 1717 1082 1747 Horat.
1100 1717 1163 1750 Od.
1186 1719 1225 1753 11,
1252 1728 1301 1757 19.
1327 1725 1378 1756 23.
1402 1721 1569 1759 serpentis
1583 1721 1709 1752 Montf.

210 1775 428 1816 Supplemens
451 1772 474 1802 1.
497 1771 548 1801 IV.
579 1771 609 1802 6.
641 1777 674 1801 et
705 1770 862 1813 omnibus
891 1769 1035 1812 denique
1063 1770 1180 1806 tribus,
1213 1773 1309 1807 tauri,
1332 1772 1439 1804 leonis
1462 1781 1496 1804 et
1518 1775 1710 1806 multorum

213 1829 361 1869 capitum
382 1825 539 1865 serpentis
561 1825 596 1854 in
620 1823 733 1854 Choro
755 1823 877 1854 Bacch.
900 1822 1049 1864 Euripid.
1071 1834 1104 1853 v.
1132 1830 1223 1862 1015.
1269 1823 1357 1855 Nam
1386 1826 1466 1857 solis
1498 1837 1627 1859 numen
1659 1835 1708 1859 to-

212 1889 288 1912 tum
310 1878 474 1909 transiisse
497 1876 538 1907 ad
557 1876 729 1907 Bacchum
751 1883 883 1917 apparet
908 1886 947 1906 ex
970 1874 1164 1918 fragmentis
1188 1874 1344 1918 Orphicis
1366 1879 1456 1920 apud
1478 1879 1629 1911 Macrob.
1654 1881 1707 1912 Sa-

213 1942 301 1964 turn.
325 1933 349 1962 I.
375 1931 444 1962 116.
468 1938 518 1968 23.
563 1929 700 1960 Diodor.
723 1930 823 1960 Sicul.
848 1930 871 1959 1.
894 1940 925 1971 p.
951 1936 981 1966 7.
1026 1928 1107 1958 Inde
1129 1928 1255 1960 Bacchi
1272 1932 1446 1972 epitheta:
1476 1937 1633 1972 πυρικολος,
1660 1946 1708 1962 πν-

209 1992 352 2028 μφεγγης,
386 1994 539 2024 nuptam-eos
569 1983 694 2022 Hymn.
723 1986 776 2021 44.
807 1987 859 2020 51.
889 1988 952 2019 57„
988 1981 1065 2011 inde
1094 1982 1243 2021 mythus,
1279 1993 1358 2012 eum
1388 1988 1591 2020 commorari
1618 1987 1709 2027 apud

212 2029 525 2080 Persephouem'in
552 2035 665 2067 inferis
698 2036 780 2066 locis
809 2035 923 2077 ibique
952 2045 1022 2066 esse
1052 2035 1231 2066 educatum
1261 2036 1379 2076 hymn.
1404 2044 1457 2075 52.
1482 2038 1518 2068 V.
1544 2047 1573 2068 2.
1599 2046 1629 2077 5.
1653 2044 1706 2078 45.

213 2092 266 2132 46.
288 2089 362 2121 add.
386 2089 559 2131 epitheton
580 2088 692 2125 χθονιος
715 2088 832 2128 hymn.
855 2086 907 2126 52'.
953 2088 1040 2118 Nam
1071 2087 1209 2129 Orphici
1237 2089 1360 2124 Solem,
1390 2091 1484 2131 quod
1510 2092 1632 2131 hymni
1654 2093 1708 2123 de-

214 2146 348 2181 clarant,
376 2153 394 2176 e
425 2143 506 2175 locis
535 2140 650 2174 inferis
678 2141 810 2186 prodire
839 2143 875 2173 in
905 2149 1025 2174 terram
1057 2142 1182 2185 opinati
1210 2149 1298 2179 sunt,
1330 2151 1423 2186 parte
1454 2144 1595 2189 quidem
1615 2146 1708 2187 (nam

215 2209 365 2231 summus
397 2199 483 2228 inter
518 2197 594 2227 illos
629 2196 820 2238 dissensus)
844 2196 1029 2238 *adoptante
1053 2197 1209 2237 antiquos
1233 2196 1438 2230 Graecorum
1466 2201 1618 2241 mythos,
1650 2203 1710 2243 qui

1065 2247 1091 2279 F
1114 2256 1130 2278 2
1633 2255 1710 2286 oriri

1745 682 1775 697 N
