1973 2714
950 241 994 275 88

214 338 281 369 huc
298 328 426 366 vocatis
442 327 604 373 Hesychii
620 329 687 363 his:
712 331 810 367 τιταξ,
827 331 933 365 ἔντιμος
950 329 965 364 ἤ
979 328 1117 366 δυναστηε,
1138 327 1164 360 οἱ
1184 333 1232 367 βα
1244 334 1386 368 ednas,
1408 332 1507 369 Τιται,
1532 332 1645 375 canopei,
1670 337 1723 366 Τῖ.

212 403 289 428 «Μ’,
312 384 502 424 βασιλιδι,
525 386 644 415 Titana
664 385 764 416 credo
789 385 962 425 antiquius
987 384 1124 414 deorum
1144 385 1378 424 praedicatum
1401 386 1503 418 fuisse
1526 396 1584 418 aut
1606 391 1723 421 saltmn

210 446 249 476 in
266 440 467 486 quibusdam
483 446 615 470 tantum
633 438 789 469 Graeciae
806 437 999 479 regionibus
1025 438 1189 468 usitatum
1211 448 1272 480 pro
1288 439 1471 470 Homerico
1495 446 1529 470 et
1543 440 1722 479 Hesiodeo,

211 498 286 534 abaci
302 503 360 528 aut
371 491 516 529 ,edne-amur.
564 492 642 535 Quo
658 491 797 527 accedit,
821 498 859 522 ut
878 501 994 522 omnes
1010 490 1078 522 fere
1099 490 1146 523 dii
1158 491 1246 533 apud
1262 494 1399 524 serlores
1413 493 1550 526 Titanes
1576 493 1723 537 deaeque

211 550 384 583 Titanides
410 547 642 589 cognominati
664 546 740 579 sint,
764 544 894 585 Apollo,
926 545 993 579 Sol,
1022 545 1195 580 Hercules,
1226 545 1632 590 Artemis,..Prometheus
1656 555 1719 580 etc‘.

211 604 319 637 immo
336 603 500 633 Titanum
513 606 627 634 mater,
652 598 682 628 Τ
684 608 772 629 erra:
796 596 919 634 forsan,
943 597 1035 640 quod
1055 598 1090 628 in
1118 598 1321 641 quibusdam
1337 598 1492 631 Graeciae
1514 601 1725 645 regionibuQ

211 660 357 701 maxime
372 658 406 687 in
417 655 524 688 Creta,
546 653 600 683 vel
616 654 719 683 serius
737 662 854 694 usque,
871 653 1060 693 antiquiore
1078 653 1217 683 nomine
1225 652 1361 684 Titanes
1378 655 1532 695 appellati
1545 662 1644 686 erant·
1660 656 1717 688 dii.

210 713 316 744 Poeta
328 718 406 739 vero
425 709 469 737 ita
486 706 690 748 distinguere
705 706 815 735 voluit
830 704 1010 734 daemones
1026 711 1107 734 natu
1123 706 1308 745 superiores
1325 716 1342 736 a
1361 706 1423 737 diis
1440 716 1458 737 e
1470 707 1564 737 {ovis
1581 706 1715 739 familia.

209 766 380 798 Praeterea
396 759 562 793 Uranidae
577 770 602 790 s.
622 759 805 790 Uraniones
820 765 987 789 vocantur
1010 758 1101 800 apud
1116 759 1252 790 Hesiod.
1274 767 1308 791 et
1321 760 1470 796 Homer„
1493 761 1583 793 sicut
1604 760 1717 793 fratre·

210 818 374 858 Cyclopes
397 822 433 845 et
447 813 649 845 Centimani.

936 1157 983 1193 11.

284 1276 484 1310 1Centimani
498 1274 601 1317 igitur
615 1273 686 1302 nati
701 1270 804 1302 finem
822 1270 951 1302 faciunt
965 1272 1181 1313 amplexuum
1196 1272 1297 1302 Urani
1313 1280 1346 1303 et
1361 1273 1490 1304 Terrae.
1535 1275 1605 1305 Iam
1628 1273 1707 1306 fino-

204 1345 282 1367 rum
296 1332 507 1371 filiarumque
524 1337 654 1358 amores
670 1325 849 1368 perficiunt
874 1333 1038 1361 naturam,
1062 1325 1103 1356 ad
1125 1336 1249 1368 eosque
1271 1325 1426 1368 deinceps
1449 1328 1561 1357 statim
1581 1337 1709 1369 proces.

206 1391 286 1421 sisse
306 1383 442 1414 videtur
460 1382 638 1422 antiquum
662 1379 928 1420 philosophema.
974 1378 1017 1408 At
1039 1388 1116 1409 ecce
1141 1380 1369 1409 interveniunt
1392 1389 1484 1410 nunc
1498 1380 1709 1412 inventiones

207 1448 326 1485 poetae
340 1438 429 1468 iuius
443 1432 590 1468 secundi,
613 1443 694 1474 quas
707 1432 894 1462 memoravi
908 1433 943 1461 in
966 1433 1193 1477 praemonitis.
1235 1432 1323 1462 Nam
1345 1441 1524 1474 antequam
1547 1434 1707 1464 Titanum

204 1501 349 1536 systema
366 1498 472 1519 novas
490 1487 629 1527 incipiat
652 1485 894 1527 generationes,
920 1484 1192 1514 antecedentium
1218 1491 1389 1515 auctorem
1412 1485 1562 1515 Uranum
1586 1486 1708 1517 throno

203 1543 429 1588 dejiciendum
440 1550 514 1572 esse
527 1539 637 1571 voluit
653 1540 722 1577 ejus
738 1545 857 1580 poetae
874 1538 968 1567 ratio·
1011 1536 1144 1568 Bellum
1159 1539 1271 1580 itaque
1290 1545 1324 1568 et
1347 1538 1547 1570 seditionem
1567 1547 1708 1571 movent

201 1603 340 1633 Titanes
356 1596 417 1626 filii
434 1601 550 1625 contra
564 1593 715 1622 Uranum
730 1599 869 1632 patrem,
893 1600 989 1620 causa
1013 1588 1111 1620 facile
1134 1601 1173 1620 ex
1199 1592 1270 1631 ipso
1294 1591 1584 1632 philosophemate
1605 1603 1710 1623 arces-

200 1658 274 1691 sita,
303 1660 382 1684 cum
403 1648 444 1679 de
466 1645 631 1679 seditione
648 1641 838 1686 Cyclopum
864 1650 898 1674 et
920 1642 1200 1675 Centimanorum
1231 1643 1394 1675 seditione
1420 1644 1486 1675 hoc
1506 1647 1704 1677 narravisset

202 1708 266 1748 (cfss
282 1705 411 1746 supra).
458 1702 547 1730 Hinc
567 1700 669 1740 igitur
691 1697 855 1738 petendus
881 1696 978 1727 facile
993 1705 1061 1727 erat
1082 1698 1183 1728 Urani
1207 1699 1340 1737 tyranni
1366 1705 1486 1733 metus,
1508 1701 1655 1740 suspicio
1670 1708 1704 1730 et

201 1761 318 1795 odium
341 1757 391 1797 m)
416 1756 452 1786 in
468 1752 557 1786 filios
573 1751 710 1792 (σφετέρῳ
725 1747 749 1780 δ’
762 1747 887 1788 ἤχθοντο
902 1749 1011 1790 τᾶκηι),
1033 1750 1178 1793 indeque
1199 1744 1322 1782 hurum
1345 1749 1492 1783 detrusio
1517 1753 1552 1783 in
1564 1752 1705 1784 'Tartara

1610 1807 1703 1844 (157-

266 1899 314 1933 πῃ)
334 1903 363 1924 et
380 1891 533 1921 mutilatus
550 1890 600 1917 hie
607 1888 687 1916 locus
698 1888 730 1915 in
745 1888 958 1926 rhapsodorum
972 1898 1021 1916 ore
1031 1895 1083 1919 en,
1104 1888 1145 1915 ita
1160 1887 1258 1919 tithic,
1269 1887 1344 1915 sicut
1369 1886 1556 1928 alibimethi
1571 1888 1705 1928 suppleri

308 1940 425 1977 possint
443 1939 480 1965 lx
494 1936 639 1964 seriorum
659 1934 793 1963 narratis,
812 1944 886 1970 quae
902 1934 951 1961 vel
968 1934 1002 1961 ab
1019 1934 1093 1971 ipsis
1112 1933 1158 1960 his
1177 1932 1225 1959 vel
1249 1933 1283 1959 ab
1306 1933 1526 1970 antiquioribus
1552 1935 1705 1972 scriptori-

302 1984 359 2013 bus
380 1983 533 2021 depromta
551 1987 619 2008 sunt
638 1988 674 2006 ex
693 1978 825 2005 Hesiodo
840 1977 1015 2015 integriore,
1032 1987 1120 2015 quam
1138 1984 1238 2004 noster
1256 1984 1299 2004 est
1315 1977 1365 2011 (de
1384 1979 1440 2015 qua
1457 1987 1489 2005 re
1504 1978 1580 2005 infra
1597 1978 1703 2017 plura).

302 2034 347 2060 Ita
372 2027 521 2067 Orphicus
547 2025 693 2064 expressis
715 2023 814 2056 verbis
830 2026 964 2052 Uranum
987 2023 1137 2054 metuisse,
1165 2034 1201 2051 ne
1228 2022 1351 2061 Throno
1377 2023 1580 2062 depelleretur,
1607 2034 1704 2053 narrat

302 2075 380 2114 apud
396 2073 575 2109 Athenagor.
590 2069 646 2107 leg.
662 2078 717 2106 pro
735 2068 843 2095 Christ.
859 2079 887 2106 p.
905 2070 951 2103 63.
987 2068 1107 2095 Deinde
1119 2068 1338 2094 mutilationem
1354 2066 1439 2095 doe'et
1452 2070 1519 2106 γὰρ,
1544 2079 1611 2096 cum
1634 2080 1700 2097 ver-

302 2121 411 2149 borum
431 2116 504 2146 ὅσσοι
519 2116 576 2155 ’γὰρ
593 2116 689 2153 (quae
704 2113 802 2141 eadem
820 2113 1009 2151 praecessisse
1025 2112 1109 2140 debet
1127 2113 1253 2140 narratio
1269 2112 1303 2140 de
1320 2113 1518 2147 Urauidarum'
1532 2115 1699 2150 seditione)

305 2164 403 2191 nullus
428 2173 521 2190 nexus
546 2162 584 2189 sit
611 2170 679 2187 cum
703 2158 949 2186 antecedentibus.
987 2159 1090 2186 Tertio
1107 2158 1171 2186 loeo
1187 2158 1276 2186 verba
1291 2160 1364 2186 ὅσσοι
1380 2161 1463 2193 Γαιης
1479 2163 1558 2187 τειίοη
1577 2160 1700 2197 Οὖρανοισ

1646 2203 1701 2236 ἐξε-

1785 777 1803 791 Β
