1973 2714
985 260 1028 296 65

260 368 332 403 quo>
346 358 473 390 factum
490 366 524 389 et
539 358 671 401 gestum
691 368 761 389 esse
778 350 1021 391 meminissent,
1045 357 1124 388 inde
1142 359 1290 391 nominis
1304 360 1473 401 petierunt
1486 361 1662 403 on‘ginem,
1676 371 1763 394 nova

258 414 447 444 narratione
473 422 572 453 super
593 414 698 454 prisca
725 412 903 443 traditione
927 411 1076 443 structa?
1098 412 1302 447 Sacerdotes,
1328 414 1355 443 si
1375 414 1534 447 interesse
1559 421 1699 456 poterat,
1727 415 1763 446 id

255 466 530 507 saepiusnumero
551 464 669 497 fecisse
689 463 906 496 manifestum
930 471 990 501 est,
1013 471 1051 495 ut
1073 464 1113 495 (le
1130 465 1363 496 Grammaticis
1392 472 1427 496 et
1453 465 1642 498 fabularum
1664 468 1762 498 inter-

255 519 407 561 pretibus
430 525 570 550 taceam.
1583 521 1585 524 ’

346 627 392 658 Et
407 626 499 669 quod
514 626 601 668 apud
616 624 759 657 Graecos
773 625 903 657 factum
919 633 969 657 est
986 633 1020 657 et
1035 626 1164 669 ubique
1180 625 1248 657 fere
1263 616 1417 657 locorum
1434 624 1506 657 fieri
1521 626 1649 663 debuit,
1672 626 1762 659 idem

256 685 338 712 ecce
346 681 503 711 Hebraeis
519 686 575 709 aut
585 679 814 709 Hebraeorum
830 680 1049 721 scriptoribus
1066 681 1220 722 contigit,
1243 687 1290 715 ut,
1308 681 1457 722 inquam,
1474 688 1592 710 eorum
1607 681 1762 712 historiae

260 735 383 764 multas
399 732 592 762 contineant
603 733 818 768 narrationes,
841 742 922 775 quas
940 731 1027 763 duce
1043 740 1158 773 etymo
1174 734 1376 774 compositas
1394 743 1464 763 esse
1479 740 1623 774 apparet,
1646 734 1764 776 utique

259 798 298 819 ex
312 787 396 817 veris
414 785 459 816 de
470 785 653 825 majoribus
668 785 853 829 eorumque
869 787 968 817 rebus
992 787 1092 829 gestis
1117 786 1374 819 narrationibus.
1392 786 1564 829 Exempla,
1586 797 1670 829 quae
1688 785 1765 820 affe·

258 832 339 875 ram,-
361 838 546 875 docebunt,
568 839 627 870 sed
642 839 842 881 praecedant
858 841 968 882 aliqua
987 849 1027 870 ex
1042 839 1186 872 Graecis.

341 946 458 978 Primo
470 947 630 977 inserti-iat
645 946 800 987 exemplo
816 947 963 977 narratio
981 946 1070 987 apud
1087 946 1250 988 Ephesios
1265 947 1413 989 vulgata,
1435 957 1472 978 ea
1495 956 1577 978 vero
1599 947 1696 978 valde
1710 948 1765 979 ab·

256 999 367 1036 surda,
396 1006 429 1031 et
452 1000 539 1042 quae
559 1007 636 1031 nata
661 1010 679 1030 e
703 999 917 1031 sacerdotum
939 999 1140 1039 conjecturis
1162 999 1307 1031 videtur.
1346 999 1526 1031 'Nimirum
1550 1000 1593 1030 ad
1613 1001 1765 1041 Lyssum,

256 1054 411 1086 inontem
433 1044 631 1095 Ephesium,
652 1052 718 1084 fuit
740 1054 851 1085 cultus
874 1049 1038 1095 Apollinis
1060 1054 1263 1096 ‘cognomiae
1282 1055 1432 1089 sieten-5,
1461 1053 1556 1096 quod
1583 1054 1657 1096 quis
1683 1055 1766 1086 sciat
1784 1051 1787 1053 ’

256 1108 350 1138 unde
366 1114 480 1137 ortum
496 1109 549 1142 sit,
571 1107 630 1137 sed
645 1108 849 1147 explicatum
864 1108 928 1136 ivit
945 1103 1016 1137 sive
1032 1106 1187 1137 sacerdos
1209 1107 1280 1136 sive
1303 1107 1398 1141 alius,
1425 1114 1459 1136 et
1480 1109 1671 1147 composuit
1693 1118 1767 1138 nar-

259 1161 496 1196 ratiunculam,
518 1159 683 1190 acuminis
701 1166 905 1195 monsuum,
927 1157 1014 1189 n'ihil
1028 1157 1141 1190 forsan
1155 1158 1247 1189 aliud
1265 1158 1308 1189 ad
1322 1158 1655 1199 componendum-in
1677 1162 1767 1191 auxi-

259 1215 343 1244 lium
365 1223 503 1248 vocans,
533 1223 634 1255 quam
656 1211 746 1243 forte
759 1212 837 1249 hoc,
868 1211 960 1254 quod
974 1219 1087 1260 pastor
1100 1211 1273 1254 quondam
1288 1211 1381 1243 dives
1396 1215 1432 1243 in
1447 1210 1575 1243 montis
1591 1216 1767 1246 cacumine

260 1270 349 1297 'nram
382 1258 530 1307 Apollini
558 1257 677 1295 rma
704 1264 856 1306 posuisse
875 1253 1030 1311 prfflstus
1050 1260 1119 1295 cra't
1141 1266 1178 1295 in
1199 1266 1298 1296 sacris
1320 1264 1374 1295 dei
1394 1267 1637 1297 monumentis.
1686 1266 1765 1309 Duo

260 1321 354 1351 ‘enim
372 1315 725 1361 pastores,''fabu1atus
746 1317 811 1354 est,
829 1306 903 1364 suls
917 1317 1039 1349 inonte
1057 1319 1241 1359 pascentes,
1261 1326 1363 1359 apum
1384 1319 1461 1350 viso
1479 1317 1630 1350 examine
1644 1321 1679 1350 in
1692 1331 1767 1362 pro-

261 1372 369 1403 funda
385 1382 498 1414 specu,
519 1382 610 1402 unus
626 1378 669 1402 ut
689 1369 883 1402 demittEret
894 1371 1003 1406 'cm-bi,
1024 1371 1107 1401 alter
1125 1378 1165 1401 ut
1186 1370 1426 1407 demitteretur,
1451 1373 1674 1405 convenisses
1700 1369 1767 1407 De-

263 1428 384 1458 missus
400 1428 435 1457 in
458 1426 616 1468 spelunca
639 1434 699 1466 pro
715 1424 816 1454 melle
831 1424 962 1454 invenit
976 1432 1106 1459 aurum,
1128 1421 1221 1465 quod
1239 1423 1333 1454 corbi
1352 1424 1515 1463 injectum
1537 1425 1678 1457 alterum
1699 1437 1768 1458 sur.

264 1486 343 1513 'sum
359 1480 488 1511 trahere
503 1480 610 1519 jussit,
631 1478 734 1521 idque
747 1479 897 1519 repetitis
918 1477 1052 1507 vicibus
1069 1475 1209 1508 factum,
1238 1476 1414 1509 Postremo
1429 1478 1590 1518 seipsum
1603 1480 1769 1513 retrahere

258 1534 433 1569 clamavit,
464 1531 523 1564 sed
544 1531 781 1574 praesentiens,
818 1530 975 1561 dolosum
997 1527 1110 1560 forsan
1132 1529 1274 1561 socium*
1289 1536 1363 1561 sese
1383 1531 1678 1572 praecipitaturum
1697 1544 1770 1567 esse

250 1587 359 1625 ‚corbi
374 1579 588 1620 insidentem,
600 1591 650 1614 ‘ut
667 1583 759 1614 solus
773 1584 931 1614 thesauro
945 1582 1122 1624 potiretur,
1142 1584 1195 1613 sui
1214 1583 1292 1613 loco
1307 1592 1472 1625 magnum
1487 1584 1582 1615 corbi
1604 1586 1767 1627 imposuit

260 1638 417 1682 lapidem.
460 1638 583 1668 Evenit
608 1637 767 1678 suspicio,
795 1637 907 1667 socius
931 1636 1075 1666 altemm
1096 1634 1191 1666 corbi
1213 1632 1358 1666 insidere
1379 1636 1530 1677 opinans,
1550 1639 1678 1670 remisit
1696 1649 1768 1672 cor.

263 1694 342 1726 dam
356 1700 390 1724 et
403 1694 449 1723 ita
463 1698 623 1722 necatum
640 1700 711 1721 esse
725 1690 857 1721 socium
874 1688 1012 1721 credens
1028 1698 1108 1720 cum
1126 1689 1285 1720 thesauro
1302 1689 1394 1721 abiit.
1439 1690 1471 1721 Is
1487 1689 1623 1733 quidem
1644 1693 1680 1723 in
1696 1695 1767 1726 vita

260 1754 412 1780 servatus
426 1754 500 1776 non
515 1744 636 1775 habuit
648 1733 776 1779 tamen,
793 1742 969 1786 quomodo
983 1753 1023 1773 ex
1036 1743 1195 1784 spelunca
1217 1742 1386 1778 evaderet,
1404 1750 1439 1773 et
1461 1745 1657 1776 necessitate
1680 1757 1768 1788 preg.

259 1811 318 1834 sus
334 1799 472 1831 tandem
487 1798 661 1829 invocavit
674 1795 875 1838 Apollinem,
897 1797 966 1839 qui,
989 1806 1025 1828 se
1039 1803 1080 1827 ut
1096 1795 1210 1837 lapide
1220 1803 1327 1827 'acuto
1340 1796 1506 1834 vulneret,
1524 1796 1650 1829 suadet.
1687 1799 1767 1842 Quo

259 1855 354 1886 facto
372 1854 497 1883 vulnus
513 1851 701 1882 ulceratum
718 1858 835 1892 putere
851 1851 963 1890 coepit
978 1857 1011 1881 et
1025 1851 1138 1881 allexit
1148 1849 1319 1884 vultures,
1342 1851 1400 1891 qui
1412 1851 1585 1893 unguibus
1595 1859 1767 1891 pastorem

256 1915 434 1950 tamquam
448 1904 605 1947 praedam
622 1904 831 1935 sustulerunt
846 1904 881 1933 in
896 1904 1014 1934 altum.
1057 1902 1106 1934 Ita
1122 1905 1271 1934 servatus
1287 1897 1323 1933 in
1346 1903 1397 1941 jus
1418 1910 1520 1934 vocat
1544 1905 1684 1941 socium,
1707 1908 1768 1949 qui

261 1961 508 1992 condemnatus
521 1966 583 1994 est,
604 1965 643 1988 ut
660 1965 767 1988 unam
782 1958 930 1988 thesauri
943 1964 1074 2004 partem
1090 1958 1198 1992 socio,
1217 1951 1355 1987 alteram
1369 1956 1519 1997 Apollini
1539 1966 1667 1989 sacram
1689 1968 1770 1990 con.

261 2014 404 2046 cederet.
1056 2016 1059 2018 “
1135 2011 1151 2015 ”’

342 2119 423 2151 Prae
438 2121 508 2153 aliis
522 2126 615 2157 vero,
635 2129 706 2164 quo
720 2126 822 2162 pacto
835 2120 984 2151 nominis
1000 2127 1097 2150 causa
1112 2102 1301 2161 explicandi
1324 2111 1460 2162 antiqua
1481 2119 1620 2150 historia
1641 2125 1676 2150 et
1694 2128 1769 2161 my-

255 2174 326 2208 this
339 2175 393 2206 usi
416 2174 483 2206 sint
498 2174 652 2206 historici
666 2182 724 2206 aut
743 2169 971 2211 Grammatick
990 2171 1209 2205 manifestum
1231 2180 1281 2205 est
1308 2183 1349 2205 ex
1372 2172 1619 2206 narrationibus
1640 2171 1683 2204 de
1697 2175 1767 2205 'on-

1689 2237 1766 2275 ‘Ine
