1973 2714
960 208 1001 240 ¹73

230 300 414 341 conspecti,
436 307 516 329 mox
531 299 670 340 separati
683 305 764 329 sunt
785 308 804 328 a
830 305 968 328 naturae
990 297 1150 338 partibus,
1180 307 1262 338 quas
1283 307 1395 339 regere
1418 305 1451 328 et
1471 298 1619 329 incolere
1641 298 1731 328 vide-

232 352 362 389 bantur,
392 359 481 384 extra
512 352 583 383 illas
611 362 708 394 agere
737 358 772 382 et
800 352 924 387 vivere,
953 361 1013 392 per
1040 360 1078 393 se
1105 359 1175 380 esse
1195 360 1355 391 personae
1379 359 1478 394 atque
1498 353 1545 382 ita
1556 341 1731 393 ‘imperare

233 406 294 438 diis
317 414 351 437 et
371 407 568 437 hominibus
592 412 784 448 coeperunt,
809 412 861 440 ut,
889 415 977 447 quae
1001 410 1152 446 agerent,
1178 413 1251 433 non
1273 403 1476 435 declararent
1496 407 1730 446 phaenomena

232 466 265 501 et
286 467 407 491 eventa
427 461 467 503 in
485 460 558 495 illis,
579 466 627 494 ut,
646 460 797 501 inquam,
824 458 954 500 ubique
982 457 1136 490 locorum
1168 454 1318 489 efficaces
1348 467 1382 487 se
1402 458 1598 498 praeberent
1619 469 1731 501 neque

233 523 251 546 a
265 513 448 544 ditionibus
466 519 667 555 potestatem
686 519 720 543 et
732 510 969 543 efficacitatem
982 510 1039 540 vel
1054 517 1250 541 mutuarent
1264 511 1320 540 vel
1334 516 1524 540 mutuatam
1542 512 1576 541 in
1592 513 1632 542 iis
1653 513 1731 553 ipsiu

232 566 456 597 ostenderent.
502 566 732 609 Quamobrem
753 575 796 596 ex
822 574 866 595 eo
890 563 968 594 inde
992 571 1143 606 tempore
1166 564 1355 595 multorum
1387 563 1539 600 deorum,
1570 572 1610 595 ut
1638 572 1733 595 natu-

233 631 287 651 rae
308 620 524 655 daemonum,
543 622 642 650 notio
665 620 765 650 deteri
790 626 824 649 et
844 619 1013 659 exstingui
1038 628 1077 647 ex
1099 620 1217 649 animis
1249 620 1360 659 coepit
1391 625 1426 648 et
1453 619 1521 648 soli
1549 619 1733 648 moralium

234 680 292 705 aut
314 674 464 711 clv-ilium
493 684 607 704 rerum
627 674 793 703 antistites
822 670 905 702 facti
932 678 1024 706 sunt,
1050 680 1211 713 regesque
1230 673 1319 702 vitae
1342 672 1510 702 humanae
1535 681 1597 713 pro
1623 681 1734 702 rerum

234 720 368 758 naturae
387 727 680 769 gubernaton'bus.
723 725 869 767 Magnus
897 724 1022 754 deinde
1052 734 1220 755 novorum
1251 725 1390 755 deorum
1410 735 1574 755 numerus
1603 734 1735 765 proces-

229 781 286 815 sit,
321 782 383 822 >qui
409 788 586 822 nunquam
615 778 753 809 fuerunt
785 784 922 807 naturae
949 776 1141 812 daemones,
1185 778 1309 820 illeque
1336 788 1496 809 numerus
1520 784 1645 809 auctus
1671 785 1735 813 est,

233 834 563 876 proutraugebantur
582 833 670 862 vitae
698 832 865 862 humanae
891 838 980 862 artes
1007 838 1046 861 -et
1073 830 1245 866 industria,
1274 839 1332 862 aut
1361 832 1588 873 antiquiorum
1613 832 1734 862 saltem

231 886 376 916 deorum
397 887 453 915 vel
474 885 671 915 muneribus
692 891 728 914 et
750 883 984 914 functionibus
1004 885 1061 914 vel
1081 886 1228 925 primum
1250 885 1456 920 notionibus,
1484 885 1606 926 quibus
1637 892 1733 915 natu-

232 950 289 970 rae
308 938 491 970 daemones
510 945 618 974 erant,
638 938 714 968 illae
736 936 867 968 additae
890 945 979 969 sunt.
1022 937 1139 969 Multis
1162 948 1241 969 vero
1262 939 1396 974 horum,
1428 945 1555 969 mutata
1579 939 1733 980 quamvis

231 1003 352 1024 eorum
374 994 522 1023 numinis
542 993 684 1023 notione
704 999 738 1022 et
756 990 1015 1033 significatione,
1036 993 1162 1022 mansit
1179 998 1318 1022 ,naturae
1336 1002 1399 1023 sua
1418 1002 1493 1033 pars
1515 999 1548 1022 et
1567 992 1654 1023 ditio
1675 1001 1733 1022 an-

234 1047 374 1092 tiquitus
389 1052 567 1087 occupata.
769 1053 772 1056 '

316 1131 677 1176 ‘NihilomInusrtamen
698 1131 753 1160 vel
774 1131 854 1161 hinc
874 1130 954 1161 inde
981 1117 1091 1162 novae
1118 1141 1231 1162 rerum
1256 1140 1396 1163 naturae
1422 1135 1563 1176 :ejusque
1586 1135 1735 1175 partium

236 1192 269 1216 et
288 1185 599 1226 phaenomenorum
621 1185 884 1225 prosopopoeiae
905 1186 975 1215 sive
994 1184 1301 1226 personificationes
1329 1184 1436 1217 'factae
1453 1194 1490 1217 et
1509 1186 1621 1217 >editae
1644 1194 1734 1224 sunt,

235 1236 293 1269 sed
317 1240 410 1269 aliter
440 1247 478 1267 ac
508 1238 600 1276 olim.
645 1237 877 1278 Antiquissimi
905 1240 1023 1278 utique
1049 1236 1169 1268 Graeci
1196 1246 1351 1268 naturam
1377 1242 1531 1280 personis
1558 1242 1735 1270 viventem

235 1302 347 1322 revera
373 1297 617 1331 conspexerant
646 1291 704 1319 aut
735 1291 974 1332 cogitaverant,
1006 1301 1189 1333 omnesque
1219 1293 1288 1330 ejus
1317 1293 1446 1333 generis
1469 1295 1736 1334 prosopopoeiae

236 1347 311 1387 plus
332 1354 433 1386 quarn
451 1344 584 1384 poetice
608 1344 800 1373 exstiterant
821 1345 857 1373 in
879 1351 993 1373 mente
1009 1345 1154 1378 illorum,
1177 1346 1221 1374 ita
1239 1352 1279 1374 ut
1305 1344 1429 1389 falsum
1458 1347 1512 1379 sit,
1538 1346 1635 1387 quod
1663 1357 1737 1388 pro-

238 1396 394 1428 diderunt
415 1396 615 1436 mythormn
634 1396 841 1436 interpretes,
859 1398 932 1435 ejus
956 1398 1070 1427 aetatis
1092 1397 1259 1435 homines,
1282 1398 1443 1439 quoniam
1466 1399 1576 1430 verbis
1599 1401 1738 1442 propriis

238 1449 502 1498 notionibusque
526 1448 697 1479 abstractis
718 1448 935 1491 indiguerint,
951 1449 997 1480 ad
1017 1449 1324 1492 personificat‘iones
1341 1447 1537 1496 confugisse
1553 1460 1587 1483 et
1603 1453 1740 1494 elegisse

238 1498 390 1547 prosoPa,
411 1510 451 1532 ut
466 1502 841 1550 enunciarent'physica
866 1505 1021 1547 cogitata.
1061 1504 1195 1534 Seriore
1215 1511 1333 1534 contra
1358 1510 1517 1546 tempore,
1540 1507 1568 1535 si
1590 1508 1666 1536 viva
1682 1506 1736 1536 ad-

239 1559 307 1589 huc
329 1557 363 1586 in
387 1565 521 1586 scenam
543 1554 697 1595 prodibat
718 1562 835 1585 natura
858 1557 893 1585 in
915 1554 1048 1591 fabulis,
1071 1564 1170 1597 atque
1190 1566 1252 1597 pro
1282 1558 1350 1597 ipsa
1379 1564 1514 1587 naturae
1543 1565 1636 1599 parte
1666 1556 1735 1590 me-

238 1611 431 1641 morabatur
454 1604 597 1638 daemon
620 1608 737 1649 aliquis
757 1614 819 1637 aut
842 1617 994 1648 persona,
1017 1609 1085 1638 sola
1107 1609 1174 1647 hoc
1196 1610 1326 1649 poetica
1347 1610 1476 1639 ratione
1506 1609 1634 1641 factum
1667 1623 1736 1645 esse

238 1670 381 1706 apparet,
404 1672 442 1692 ex
465 1668 640 1703 poetarum
663 1659 806 1702 quadam
831 1662 1065 1696 conventione,
1096 1650 1180 1704 quae
1204 1663 1422 1693 constituerat
1443 1664 1628 1703 συμβολικὴ,
1658 1668 1736 1699 artis

240 1727 323 1759 opus
347 1723 381 1746 et
402 1725 486 1757 quae
509 1724 601 1744 nunc
621 1715 814 1745 imitabatur
842 1716 978 1756 antiqua
1008 1717 1174 1753 majorum
1203 1716 1365 1755 symbola,
1394 1716 1514 1757 quibus
1542 1726 1581 1748 ut
1611 1720 1737 1750 elocuti

239 1776 361 1804 essent,
386 1774 537 1809 exegerat
555 1768 626 1808 ipsa
647 1774 801 1798 nat-uram
819 1767 1052 1809 conspiciendi
1075 1776 1108 1798 et
1131 1768 1303 1810 cogitandi
1324 1769 1418 1799 ratio.
1462 1769 1532 1800 Iam
1556 1781 1637 1803 vcro
1660 1783 1737 1815 qua-

241 1826 309 1855 lem
331 1822 419 1853 dicas
442 1821 652 1861 symbol-icen
677 1819 815 1851 carmini
833 1821 1003 1852 Hesiodeo
1026 1823 1144 1857 inesse,
1190 1823 1369 1865 genuinam
1398 1820 1500 1858 illam,
1545 1835 1638 1866 quae‘
1657 1835 1736 1858 nata

241 1888 262 1908 e
280 1884 396 1906 natura
422 1882 455 1905 et
479 1874 591 1905 indole
613 1875 736 1905 mentis
758 1881 819 1909 est,
845 1885 890 1905 an
920 1877 1078 1906 seriorem
1107 1877 1196 1907 hanc
1226 1875 1416 1917 poeticam?
1445 1877 1478 1906 Si
1498 1888 1554 1907 me
1574 1880 1656 1909 velis
1680 1891 1736 1910 au-

241 1931 321 1964 dire,
364 1929 531 1969 poeticam
572 1938 645 1959 ,esse
687 1927 810 1963 credas,
847 1931 1064 1971 quantumvis
1106 1931 1262 1972 antiquus
1299 1928 1399 1959 fuerit
1436 1930 1737 1974 philosophematis

234 1991 364 2017 auctor.

326 2047 541 2088 Utracunque
561 2055 643 2075 vero
672 2048 725 2081 sit,
746 2053 863 2077 natura
882 2058 1029 2078 nascens
1050 2049 1087 2078 in
1110 2049 1326 2090 cosmogonia
1347 2057 1417 2080 non
1433 2049 1527 2079 aliter
1548 2051 1646 2087 vivit,
1671 2055 1740 2097 agit

236 2111 276 2136 ,et
294 2102 397 2134 sentit
418 2103 546 2141 poetae,
577 2098 824 2141 quamxvixtere,
856 2112 952 2145 agere
980 2109 1015 2132 et
1045 2103 1165 2133 sentire
1193 2102 1257 2143 ipsi
1285 2102 1445 2133 viderunt
1464 2103 1586 2135 ⁴Graeci
1613 2113 1741 2144 natam,

276 2168 377 2194 Kanue
397 2160 529 2191 analecta.
1214 2155 1248 2184 K
1679 2172 1744 2203 qua
1780 2179 1784 2186 ,
