1973 2714
988 259 1048 297 soa

267 364 418 406 throno,
442 362 569 404 Jupiter
591 360 729 392 carceris
752 358 907 392 custodes
927 360 1041 401 posuit
1064 351 1289 404 Cenomanos
1302 351 1378 399 734.
1401 368 1485 403 sqq„
1504 354 1711 405 Cyclopibus
1727 355 1768 393 ut

263 416 415 447 fulminis
436 408 726 461 utensyninistris.
775 409 1213 456 Nam-regnumkesserant
1233 415 1353 445 caeteri
1363 413 1415 444 dn
1430 421 1464 445 et
1487 416 1574 456 passi
1597 422 1701 450 erant,
1726 421 1771 445 ut-

262 471 351 500 inter
368 471 459 511 ipsos
481 469 697 500 distribueret
718 468 892 502 ditionem,
915 463 1080 507 munera,-
1095 466 1240 497 honores
1260 462 1436 515 partesque
1457 469 1492 497 in
1512 476 1604 498 novo
1624 462 1766 512 deorum

261 524 415 563 imperio.
461 522 658 553 Secundum
676 519 919 562 Apollodorum
934 526 1001 551 tres
1020 516 1136 551 fratres
1150 519 1287 562 Jupiter,
1310 516 1480 563 Poseidon
1500 529 1534 553 et
1547 521 1648 553 Pluto
1672 520 1773 566 sorti-⁴

261 575 329 607 bus‘
350 575 559 612 deciderunt,
589 586 690 618 quam
713 575 854 615 quisque
876 574 1052 619 habiturus
1073 580 1202 614 partem
1224 575 1278 609 sit,
1307 580 1342 604 et
1369 576 1511 617 quisque
1534 585 1607 606 eam
1628 575 1766 606 sortitus

261 636 322 664 est,
344 640 448 671 quam
463 631 684 671 assignaverat
700 628 767 665 jam
789 627 907 669 religio
929 626 1056 669 populi.
1095 658 1099 661 ,

349 683 394 717 At
409 683 500 713 brevi
516 688 665 722 tempore
686 687 865 721 postquam
880 680 1015 711 Titanes
1039 681 1134 711 coelo
1158 681 1257 720 ejecti
1276 687 1370 711 erant
1393 679 1514 721 (820),
1536 682 1639 723 ipsius
1665 682 1767 712 etiam

261 737 352 767 Iovis
371 736 492 766 throno
507 735 675 773 minatum
692 739 742 763 est
758 740 951 764 monstrum
967 733 1183 765 horrendum.
1234 735 1383 775 Typhon,
1412 734 1505 776 quod
1527 741 1626 776 poeta
1650 744 1766 775 secun-

261 789 324 820 dus
349 790 416 819 huc
437 789 571 828 traxisse
592 787 737 822 videtur,
762 797 802 817 ex
826 787 948 827 mytho
975 787 1097 829 aliquo,
1120 788 1180 829 qui
1193 782 1330 821 naturae
1345 787 1481 830 aliquod
1497 788 1655 818 horribile
1667 788 1768 829 phaea

262 851 436 873 uomenon
451 840 612 873 forsauiu
628 847 746 871 monte
764 840 938 877 Vukanio,
954 840 1082 872 'fecerat
1096 847 1297 877 monstrum,
1321 841 1519 883 Gigantibus
1540 841 1658 877 simile,
1680 840 1765 880 ipsis
1789 869 1791 871 ,

258 895 328 927 diis
343 895 547 934 cimend11m.—
581 885 646 925 Alii
660 895 696 924 in
713 894 852 933 mythos
873 901 1005 925 nostros
1023 895 1280 937 cosmogonicos
1294 895 1536 930 transtulerunt
1558 894 1635 926 alias
1650 893 1766 931 Vuica7
1780 909 1783 912 ·

258 958 383 980 norum
391 957 559 990 personas,
582 957 662 990 quas
678 946 797 978 itidem
811 946 899 978 bella
917 954 1033 978 contra
1048 947 1168 978 Iovem
1182 948 1329 979 movisse
1344 948 1456 987 mythi
1464 955 1684 983 narraverant,
1709 947 1765 978 Gi-

256 990 380 1044 gnntes
393 1010 488 1044 puto,
511 1008 546 1032 et
559 1001 623 1031 hos
636 1001 718 1031 novi
733 1002 819 1042 regis
834 1001 998 1032 thronum
1013 999 1186 1031 infestasse
1207 999 1436 1041 prodiderunt.
1481 1000 1592 1041 Quam
1613 1010 1636 1030 v
1638 1011 1694 1031 ero
1711 1000 1766 1031 Gi·
1794 1001 1800 1006 '

257 1056 531 1099 gantomachiam
557 1063 628 1085 non
651 1054 749 1084 novit
769 1052 946 1088 Hesiodus,
982 1053 1100 1084 saltem
1125 1053 1196 1085 huc
1217 1051 1392 1093 transferre
1414 1053 1538 1085 uoluit·
1569 1053 1605 1085 id
1624 1054 1721 1098 quod
1746 1066 1764 1088 a

256 1109 437 1141 serioribus
464 1108 572 1151 poetis
594 1106 738 1141 factum
743 1117 812 1138 esse
834 1106 991 1139 credibile
1014 1114 1074 1144 est,
1096 1109 1219 1149 primas
1240 1115 1354 1139 tamen
1376 1108 1479 1138 lineas
1502 1110 1569 1147 jam
1584 1108 1684 1140 dante
1696 1109 1764 1140 Ho-

221 1200 222 1203 ,
258 1173 353 1206 mero
372 1162 514 1203 (Odyss.
528 1162 594 1198 XI,
616 1162 676 1191 ubi
699 1160 797 1196 Otus,
822 1160 1005 1200 Ephialtes
1027 1167 1061 1190 et
1090 1160 1199 1191 Orion
1225 1167 1456 1191 memorantur
1476 1160 1626 1193 seditiosi
1647 1169 1764 1194 contra

256 1218 385 1252 Iovem,
417 1215 569 1260 quamvis
592 1208 663 1246 sine
686 1212 879 1262 Gigantum
902 1213 1044 1245 nomine.
1090 1213 1268 1246 Caeterum
1289 1215 1340 1245 illi
1359 1221 1479 1256 poetae
1495 1214 1599 1246 modo
1623 1218 1783 1247 minime

257 1270 381 1301 idoneo
404 1271 605 1301 invexerunt
630 1267 968 1310 Gigantomachiam
969 1269 1011 1298 in
1032 1269 1297 1310 cosmogoniam,
1325 1274 1365 1298 ut
1389 1269 1605 1299 immutatam
1629 1268 1714 1300 ded«
1706 1276 1764 1301 rat

257 1320 425 1354 secundus
438 1328 547 1363 poeta.
591 1318 746 1363 Namque
763 1322 908 1356 Terram,
931 1331 1016 1363 quae
1032 1321 1158 1363 ubique
1170 1331 1206 1352 se
1221 1321 1358 1363 praebet
1379 1319 1551 1352 faventem
1565 1322 1640 1353 Iovi
1660 1330 1764 1361 caete-

257 1377 370 1418 risque
391 1375 464 1411 diis,
496 1376 542 1405 ita
564 1381 604 1404 ut
626 1374 772 1411 suadeat,
811 1373 993 1416 quomodo
1010 1373 1146 1405 Titanes
1168 1374 1358 1405 debellandi
1374 1376 1456 1410 sint,
1458 1376 1600 1427 iratam
1623 1374 1763 1412 faciunt,

260 1427 354 1471 quod
371 1426 432 1458 filii
448 1437 553 1469 regno
570 1426 699 1467 depulsi
713 1428 790 1461 sint,
813 1434 847 1456 et
860 1428 907 1456 ira
923 1433 1053 1456 motam
1071 1426 1230 1468 Gigantes
1245 1427 1410 1469 peperisse
1424 1412 1552 1457 dicunt.
1597 1428 1762 1460 Hesiodus

260 1488 376 1512 contra
390 1488 424 1511 et
436 1482 542 1522 ipsam
557 1478 734 1519 Typhonis
749 1485 892 1509 matrem
906 1485 1016 1514 vocat,
1040 1477 1098 1509 sed
1112 1479 1276 1520 peperisse
1292 1488 1363 1510 non
1380 1478 1472 1516 dicit,
1489 1478 1620 1512 utiilius
1632 1491 1761 1514 novum

257 1544 370 1577 regem
395 1531 541 1564 infestet.

344 1588 418 1619 Diis
434 1588 538 1630 igitur
550 1597 656 1629 regno
671 1587 798 1629 potitis,
822 1587 992 1630 progeniti
1007 1585 1128 1618 deinde
1144 1587 1571 1620 suntcaeterissraecorum
1584 1588 1630 1620 dii
1645 1589 1762 1635 junio-

256 1654 320 1680 res,
344 1651 430 1685 quos
446 1641 591 1672 breviter
606 1650 816 1672 enumerasse
830 1639 992 1672 sufficiet:

341 1696 469 1738 Jupiter
481 1693 576 1725 ducit
585 1693 760 1729 Menatem,
783 1694 891 1736 (quod
905 1702 982 1726 ante
996 1695 1122 1726 bellum
1141 1693 1260 1727 fecisse
1281 1695 1363 1726 dicit
1379 1696 1613 1738 Apollodorus)
1629 1704 1663 1729 et
1681 1698 1761 1729 ,Pal-

255 1750 367 1782 ladem
392 1754 539 1792 generat.
584 1746 673 1779 Cum
703 1747 859 1778 Themide
882 1748 999 1780 Horas
1021 1756 1054 1780 et
1078 1749 1210 1780 Parcas
1231 1756 1265 1780 et
1287 1749 1446 1781 Charites
1471 1760 1550 1782 cnm
1569 1750 1762 1793 Eurynome

257 1804 436 1849 Oeeanine.
459 1806 496 1839 u)
527 1825 529 1827 ·
542 1801 592 1833 Ex
616 1801 750 1833 Cereris
764 1804 885 1834 sororis
901 1803 1108 1843 amplexibus
1123 1800 1370 1843 Persephonen,
1399 1812 1439 1835 ex
1455 1804 1690 1845 Mnemosyncs
1706 1806 1761 1837 Ti.

247 1857 377 1889 umidis
395 1856 528 1891 Musas,
542 1865 582 1886 ex
597 1855 741 1899 Lacona
748 1854 939 1896 Apollinem
953 1862 986 1887 et
994 1855 1155 1888 Artemin.
1178 1852 1387 1898 Postremam
1402 1854 1540 1887 tandem
1557 1856 1653 1889 duxit
1671 1868 1778 1892 soro·-

254 1920 326 1943 rem
338 1910 514 1946 Iunonem,
529 1919 568 1941 ex
584 1920 649 1953 qua
667 1908 772 1946 Hebe,
795 1909 897 1941 Mars
913 1917 947 1941 et
965 1909 1152 1958 Eileithya.
1175 1911 1266 1955 Ergo
1290 1909 1480 1943 secundum
1492 1909 1630 1951 Mythos
1644 1910 1760 1945 Hesio—

1682 1967 1761 2001 deos
1795 1969 1797 1972 '

355 2039 450 2068 fuerat
471 2044 516 2076 4ο,
544 2051 634 2079 quare
655 2049 765 2080 postea,
780 2050 816 2070 eo
841 2040 1000 2069 utebantur
1024 2051 1080 2079 pro
1102 2041 1276 2070 indefinito:
1294 2045 1333 2077 4ο
1344 2050 1435 2069 annos
1453 2040 1585 2069 errabant
1599 2041 1758 2075 ,Israeliten

360 2090 395 2120 40
411 2085 474 2113 dies
492 2086 595 2114 Mones
608 2086 668 2114 fuit
681 2087 715 2113 in
736 2086 817 2113 Sinai
832 2093 945 2117 monte,
961 2085 1086 2114 totidem
1103 2086 1240 2116 Christus
1254 2094 1451 2114 commoratus
1467 2087 1510 2114 est
1524 2086 1558 2115 iu
1575 2087 1688 2119 desento
1704 2096 1762 2119 ete.

324 2139 357 2169 u)
373 2136 412 2162 Et
431 2134 483 2164 has
506 2136 603 2176 igitur
624 2136 859 2177 pulchritudinis
884 2136 949 2165 deas
968 2137 1068 2175 primo
1092 2148 1108 2167 ο
1128 2138 1204 2167 maxi
1219 2146 1386 2176 progressas
1412 2147 1485 2169 esse,
1509 2137 1585 2166 sicut
1601 2138 1757 2170 Venerem,

359 2179 506 2218 eleganter
520 2180 646 2210 fabulata
663 2189 707 2210 est
723 2182 892 2222 antiquita.
906 2181 968 2213 vid.
984 2192 1064 2223 supr.
