1973 2714
935 224 979 263 47

169 357 172 359 ,
213 323 375 363 principii,
416 322 678 363 universumque
709 319 877 351 mundum
903 319 1097 351 chanticum
1127 320 1194 358 jam
1223 318 1369 351 adfuisse
1397 319 1460 350 sub
1489 327 1574 362 aqua
1607 319 1710 350 laten-

211 383 278 406 tem
310 375 440 407 credere
469 376 618 418 posuisse
649 373 858 416 Orphicums
889 375 918 406 si
957 372 1138 408 Chronum,
1170 374 1228 415 qui
1258 375 1293 403 in
1332 372 1442 404 altera
1483 369 1710 414 Orphicorism

179 428 181 430 ’
213 430 437 469 cosmogonia,
459 440 477 460 a
497 429 675 460 Damascio
697 429 858 470 appellata
884 427 1032 468 vulgari,
1058 437 1157 457 ovum
1180 428 1346 468 peperisse
1367 426 1499 463 dicitur,
1521 427 1614 459 unde
1635 436 1709 458 nas-

213 483 300 511 citur
318 482 421 516 Eros,
453 482 477 520 l)
501 482 557 512 vel
579 482 619 512 ab
643 481 853 523 Athenagora
877 481 933 511 vel
956 482 1027 519 ejus
1049 487 1186 515 auctore
1205 478 1387 510 confusum
1409 489 1478 510 esse
1495 489 1574 510 cum
1590 487 1708 510 nostro

211 534 278 564 hoc
291 533 426 565 Chrono
441 535 582 566 Hercule
595 534 777 566 concedere
791 534 884 569 velis,
907 541 1007 577 atque
1024 541 1157 575 nostrae
1173 532 1257 565 adeo
1274 533 1513 574 cosmogoniae
1537 539 1710 563 auctorem

213 588 297 618 nihil
312 598 515 620 memorasse«
534 588 575 619 de
589 587 726 619 Chrono
744 589 800 619 ovi
817 596 908 629 patre
923 588 1064 619 credere.
1111 586 1174 619 Cui
1198 580 1353 629 opinioni
1375 587 1540 617 succmn't
1554 585 1711 616 Clemens

212 640 392 677 Romanus,
415 643 474 685 qui
488 649 526 673 ut
541 649 656 673 noster
669 643 765 673 initio
778 652 890 673 rerum
903 643 1019 674 statuit
1034 640 1171 684 quidem
1193 650 1299 672 ovum
1326 639 1411 671 illud
1435 641 1594 675 immane,
1617 638 1712 681 quod

211 702 322 725 totum
344 695 512 726 mundum
536 696 717 730 incluserit,
747 703 781 726 at
802 703 935 736 partum
960 695 995 726 id
1021 694 1121 726 fuisse
1146 695 1187 726 ab
1208 695 1332 737 aliquo,
1363 704 1381 725 a
1397 693 1560 730 Phanete,
1585 694 1659 735 (qui
1674 694 1711 722 in

211 747 362 790 Orphicis
386 748 476 779 idem
492 756 541 780 est
557 759 636 780 curn
658 748 796 799 Chrono
812 756 944 785 nostr03
966 746 1057 789 infr.)
1082 748 1167 778 nihil
1182 754 1357 779 memorat.
1403 746 1483 778 Huc
1499 745 1631 778 accedit
1645 746 1711 776 Da-

210 803 324 833 mascii
349 804 538 839 auctoritas,
566 804 625 845 qui
649 809 683 834 et
708 798 749 833 (fe
771 801 908 834 Chrono
933 809 1049 833 nostro
1075 809 1108 832 et
1133 800 1174 832 de
1200 811 1267 833 ovo
1290 808 1413 837 narrat,
1444 801 1503 833 sed
1519 801 1618 831 illum
1643 800 1712 830 hoc

207 857 370 897 peperisse
393 865 464 887 non
485 865 664 897 agnoscere
687 853 829 886 videtur.
888 856 937 885 Ita
959 865 1010 885 res
1033 855 1184 896 expedita
1205 853 1291 885 foret
1314 862 1349 885 et
1370 850 1455 897 quae
1480 856 1644 885 hactenus
1672 854 1710 882 in

210 909 427 949 cosmogonia
444 909 591 949 exposita
606 915 695 943 sunt,
717 908 809 938 hunc
824 908 1039 938 admitterent
1052 917 1205 938 sensum:
1230 907 1330 939 Initio
1345 919 1456 939 rerum
1474 908 1598 942 Chaos,
1614 905 1710 949 quod

210 959 450 1004 mundunfflvi
467 959 575 991 forma
593 960 805 1002 complexum
820 962 873 996 sit,
904 960 1038 991 latuisse
1062 960 1125 991 sub
1152 971 1248 1003 aqua,
1276 971 1340 1003 qua
1363 963 1399 1001 in
1423 963 1525 992 maria
1547 970 1707 1004 regressa,

211 1021 316 1046 terrae
334 1009 544 1055 superficiem
567 1012 669 1044 fuisse
684 1014 765 1045 limo
793 1013 980 1051 obtectam:
1012 1013 1132 1044 deinde
1155 1015 1260 1045 solem
1284 1025 1302 1045 e
1320 1005 1403 1045 mari
1426 1022 1460 1046 et
1482 1016 1564 1046 limo
1580 1015 1655 1056 (qui
1671 1014 1711 1043 in

211 1068 311 1098 maris
327 1066 434 1098 fundo
449 1069 514 1107 est)
529 1075 640 1098 ortum
655 1077 761 1109 eoque
776 1068 904 1098 lumine
920 1065 1008 1102 dato,
1032 1068 1089 1097 ovi
1109 1074 1216 1109 partes
1233 1067 1388 1107 (Coelum
1405 1076 1438 1099 et
1453 1069 1603 1108 Terram)
1621 1077 1710 1109 quae

211 1127 305 1151 antea
328 1118 470 1150 tenebris
492 1126 525 1149 et
545 1120 724 1161 vaporibus
747 1108 898 1161 perfusae
920 1129 1023 1149 unam
1055 1121 1149 1161 qnasi
1172 1119 1344 1151 effecerint
1374 1131 1528 1157 massam,
1563 1122 1651 1151 inter
1674 1130 1711 1151 se

210 1172 312 1204 fuisse
328 1173 510 1209 distinctas,
533 1183 612 1215 ergo
634 1180 751 1204 natum
775 1173 916 1209 Coelum
940 1180 974 1204 et
994 1180 1107 1204 natam
1122 1173 1268 1205 Terram.
1323 1175 1430 1206 Simili
1447 1175 1585 1218 quidem
1600 1173 1709 1205 modo

211 1226 352 1257 Coelurn
365 1234 398 1256 et
414 1227 523 1261 Terra,
548 1226 658 1256 donec
672 1226 780 1257 Chaos
796 1225 955 1261 efficiunt,
975 1229 1174 1264 conjunctae
1203 1229 1297 1268 quasi
1319 1229 1464 1259 tenebris
1489 1229 1650 1258 dicuntur
1674 1235 1709 1258 et

209 1289 311 1310 unam
326 1280 452 1310 molem
469 1277 609 1315 efficere,
630 1278 742 1309 donec*
753 1278 810 1310 Sol
824 1286 957 1321 apparet
978 1285 1012 1309 et
1036 1277 1163 1311 din'mit
1185 1290 1294 1311 unum
1310 1280 1350 1312 ab
1366 1281 1476 1317 altera,
1500 1280 1591 1322 apud
1607 1281 1710 1323 Apol—

210 1333 278 1365 lon.
299 1332 410 1365 Rhod.
433 1338 572 1364 canente
592 1333 664 1375 ipso
679 1330 825 1375 Orpheo.
871 1335 874 1337 ’

297 1429 368 1469 lam
391 1445 587 1481 sequuntur,
617 1449 701 1481 quae
724 1446 804 1470 sunt
828 1446 980 1470 mutuata
1002 1439 1043 1470 ab
1070 1435 1230 1471 Hesiodo.
1275 1440 1417 1472 Coelurn
1442 1449 1475 1473 et
1500 1442 1600 1474 Terra
1633 1449 1711 1473 sunt

212 1502 371 1535 personae
388 1499 421 1522 et
438 1492 484 1522 dii
500 1490 633 1532 (Οὖρανος
655 1505 704 1521 nus
718 1493 775 1531 Γη)
793 1494 850 1534 qui
874 1492 1026 1535 filiosque
1047 1492 1196 1535 filiasque
1220 1496 1351 1536 gigunn
1387 1495 1614 1531 Centimanos‚
1647 1496 1711 1535 Cy-

213 1548 324 1587 clopas
339 1552 402 1575 etc.
446 1544 511 1575 Sed
526 1541 637 1575 omnia
654 1553 733 1575 sunt
749 1546 881 1575 brevius
900 1547 1057 1586 exposita,
1079 1547 1199 1576 vitiose
1219 1554 1252 1576 et
1266 1548 1381 1578 multis
1396 1548 1437 1577 ab
1457 1548 1625 1578 Hesiodeo
1644 1548 1709 1579 dis—

213 1599 397 1640 crepantiis,
425 1596 461 1626 id
482 1596 575 1638 quod
590 1598 701 1636 mythi
715 1597 872 1627 Hesiodei
896 1598 936 1626 ab
951 1598 1020 1627 aliis
1038 1607 1172 1639 qnoque
1186 1599 1427 1630 enarratoribus
1447 1599 1601 1641 Orphicis
1619 1603 1707 1642 passi

214 1659 301 1688 gunt,
332 1651 390 1693 qui
416 1651 504 1680 inter
525 1659 560 1694 se
583 1650 727 1679 maxime
744 1649 958 1679 dissentiunt.
975 1648 1017 1690 cij.
1042 1648 1137 1680 infra.
1183 1650 1355 1691 Quoniam
1369 1651 1411 1683 de
1424 1653 1623 1696 Theogonia
1640 1655 1707 1686 He-

213 1704 301 1737 siodi
318 1704 381 1734 alio
398 1703 474 1732 loco
489 1711 584 1744 agere
601 1702 779 1732 consilium
793 1709 854 1736 est,
875 1702 933 1732 hic
947 1702 1092 1733 breviter
1107 1710 1239 1734 tantum
1247 1707 1479 1748 perstringam,
1502 1717 1587 1749 quae
1602 1707 1708 1739 diver-

213 1768 248 1790 sa
264 1757 305 1789 ab
321 1757 378 1788 illo
395 1755 495 1787 habet
510 1753 676 1799 Orphicus
698 1762 820 1789 noster.

298 1863 412 1895 Primo
431 1863 547 1894 Parcas
570 1861 650 1894 facit
674 1861 784 1892 Uram‘
800 1861 891 1898 filias,
916 1864 977 1905 qui
996 1870 1075 1893 sunt
1093 1864 1191 1895 ,Iovis
1217 1867 1251 1895 in
1271 1866 1418 1898 Hesiodo
1436 1875 1469 1898 et
1485 1869 1575 1910 apud
1590 1880 1709 1901 omnes

214 1916 404 1949 fabularum
428 1923 629 1948 enarratores
646 1923 745 1958 atque
764 1917 800 1946 in
828 1918 904 1958 ipsis
932 1917 1066 1957 hymnis
1094 1916 1259 1959 Orphicis.
1326 1921 1438 1952 Serior
1457 1923 1575 1964 utique
1599 1926 1709 1955 nostri

1566 1987 1625 2016 my
1629 1978 1711 2008 thus

283 2086 307 2122 l)
327 2086 460 2118 Eundem
476 2087 612 2124 mythum
627 2088 791 2125 respiciunt
807 2088 955 2127 Orphici,
967 2089 1019 2127 qni
1043 2090 1178 2118 Amorem
1196 2091 1298 2120 Chroni
1314 2091 1411 2121 filium
1434 2093 1545 2124 dicunt.
1562 2095 1711 2125 cf.Sch01.

319 2131 355 2161 nd
370 2130 509 2170 Apollon.
528 2132 621 2160 Rhod.
635 2134 690 2161 111.
703 2133 745 2162 26.
768 2137 928 2171 Argonaut.
950 2133 1069 2172 O1phic.
1086 2145 1117 2164 v
1137 2144 1178 2171 15.
