1973 2714
943 227 987 263 83

215 322 371 364 parthus,
402 321 550 351 divulsae
576 331 614 350 ex
638 321 693 350 illa
715 320 948 362 disperguntur
971 321 1004 349 iu
1023 321 1126 350 coelo.
1173 321 1325 362 Namque
1340 329 1433 362 pater
1448 321 1487 352 fit
1503 322 1656 352 Asteriae
1674 324 1709 353 in

213 376 437 419 sequentibus,
462 375 629 406 stellarum
647 374 736 410 deae,
763 384 842 417 quas
861 373 993 404 Veteres
1019 373 1130 415 igneas
1154 372 1319 409 dixerunt,
1343 381 1380 405 ut
1403 376 1607 418 philosophi,
1634 376 1709 406 Par·-

213 430 371 464 menides,
395 430 623 469 Xenophanes,
641 428 859 469 Anaxagoras,
877 428 1062 457 Heraclitus
1078 434 1110 456 et
1128 428 1191 457 alii.
1238 428 1348 457 Etiam
1366 439 1490 459 nomen
1508 423 1707 471 respondere

211 482 446 526 significationi
469 481 638 511 daemonis
662 480 803 515 videtur,
833 492 900 509 κοιος
924 491 941 510 a
963 479 1071 510 forma
1092 487 1204 509 vetere
1226 479 1395 521 deperdita
1417 482 1486 510 τῶνε
1522 483 1588 517 κείω,
1630 487 1707 518 natm,

211 539 270 573 »ἕως
291 538 359 572 κείω,
387 536 441 564 vel
465 535 505 564 ab
534 535 655 564 horum
679 535 744 563 κέειν
764 541 823 564 aut
844 535 920 562 κείειν
939 541 977 563 ut
993 535 1069 566 κοίτη
1091 544 1108 563 a
1133 534 1254 568 κεῖσθαι,
1269 531 1357 562 οἷοιδός
1371 534 1411 564 ab
1428 532 1530 570 ἀείδειν,
1551 536 1667 574 κοίρανος
1689 546 1707 566 a

210 592 296 631 ριρείω,
327 587 419 629 uzeda,
448 586 541 616 λοιπδς
565 596 580 616 a
605 589 687 616 λείπω
710 594 771 617 etc.
816 587 969 628 Denique
992 586 1081 616 idem
1103 586 1215 627 prodit
1238 587 1448 616 connubium
1473 596 1552 616 cum
1567 588 1709 623 Phoebe,

211 642 394 685 splendoris
413 641 483 671 dea.
527 641 679 670 Assimile
706 642 808 682 igitur
824 641 973 670 continet
988 640 1125 679 mythus
1145 639 1229 670 Coei
1249 650 1287 670 ac
1310 641 1579 681 philosophema,
1604 641 1706 683 quod,

211 697 275 727 nisi
290 694 393 730 fallor,
416 701 579 724 memorat
602 693 772 734 Apollonii
789 693 998 727 Scholiastcs,
1021 693 1079 722 ubi
1094 693 1204 722 stellae
1232 702 1335 723 uuam
1358 694 1456 723 initio
1471 703 1615 723 massam
1634 692 1709 723 effe-

214 753 296 781 cisse
316 750 484 783 dicuntur,
508 758 591 790 quae
606 749 640 777 in
654 747 776 778 incude
790 747 910 778 malleo
927 753 1062 777 tractata
1086 745 1271 787 disperserit
1296 747 1404 778 stellas
1428 748 1464 777 in
1490 747 1596 783 eoelo,
1623 747 1710 778 sicut

210 803 288 834 ferri
303 812 407 833 massa
423 801 589 832 scintillas.
632 800 702 830 Jam
717 800 758 830 ad
774 800 998 840 IIyperionem
1013 807 1046 829 et
1070 799 1193 830 Coeum
1214 802 1378 840 pertinere
1399 800 1559 830 videntur
1574 800 1710 830 Phoebe

211 866 245 888 et
264 857 364 887 leeia
377 866 514 892 sorores,
536 861 676 894 utraque
691 853 880 892 splendoris
894 853 964 888 dea,
987 855 1022 894 e)
1044 860 1082 883 nt
1098 853 1230 884 Aurora
1247 863 1339 890 soror
1353 852 1394 884 ad
1416 852 1537 889 Solem,
1567 861 1601 885 et
1620 854 1725 891 male,

213 910 395 948 disjunctae
410 914 489 937 sunt
504 907 664 936 seriorum
688 912 861 945 poetarum
887 906 1091 945 separatione
1113 905 1251 935 fratrum
1268 906 1428 935 Titanum
1449 917 1466 936 a
1481 907 1707 941 Titanidibus,

212 964 401 1006 prorniscue
420 960 500 991 olim
514 960 641 1002 positis,
664 965 764 999 prout
779 959 923 989 rationes
941 959 1195 1000 cosrnogonicae
1209 959 1399 999 poscebant.
1438 959 1615 990 Connubia
1634 961 1706 1001 qui-

212 1017 290 1046 dem
306 1017 423 1045 ineunt
445 1015 480 1042 iu
503 1013 727 1053 sequentibus,
750 1013 887 1041 Phoebe
908 1022 987 1041 cum
1006 1011 1107 1045 Coeo,
1127 1012 1231 1042 Theia
1256 1022 1334 1042 cum
1354 1014 1554 1053 Hyperione.
1599 1013 1705 1044 Nimi-

211 1079 287 1099 rum
304 1074 419 1098 notare
433 1066 483 1095 his
498 1065 646 1107 personis
664 1065 774 1094 voluit
796 1063 1016 1105 splendorem,
1039 1074 1141 1105 quem
1163 1066 1375 1105 praecessisse
1402 1066 1569 1107 cogitabat
1593 1067 1706 1096 lucen-

211 1124 256 1153 tia
271 1122 325 1152 illa
347 1127 379 1150 et
401 1121 497 1161 ignea
519 1126 665 1158 corpora,
688 1125 866 1158 antequam
884 1127 1016 1148 sursum
1040 1116 1165 1148 elevata
1191 1118 1309 1148 sintin
1327 1118 1431 1153 coelo,
1453 1125 1492 1147 ut
1506 1118 1632 1149 Aurora
1647 1118 1705 1149 So-

211 1177 297 1206 lem:
320 1180 377 1204 aut
392 1174 501 1214 ipsum
517 1181 633 1201 eorum
660 1179 837 1211 corporum
859 1170 1069 1212 splendorem
1093 1171 1127 1200 in
1151 1178 1311 1211 separatas
1339 1181 1494 1212 personas
1516 1171 1705 1213 disjungere

211 1230 330 1262 voluit,
354 1227 394 1256 de
409 1236 473 1267 qua
490 1225 691 1255 Graecmum
705 1225 831 1254 ratione
845 1225 1004 1264 mythiea,
1029 1222 1147 1254 effecta
1172 1235 1281 1255 rerum
1304 1231 1336 1254 et
1359 1224 1451 1266 quod
1470 1234 1533 1256 nos
1559 1224 1704 1256 dicimus

213 1278 483 1323 Eigenschaften,
509 1277 702 1307 secernendi
723 1288 740 1307 a
764 1278 861 1308 rebus
883 1279 960 1317 ipsis
983 1285 1082 1318 atque
1107 1278 1141 1306 in
1166 1287 1321 1318 personas
1346 1277 1500 1308 mutandi
1530 1280 1707 1318 sejunctas,

212 1336 332 1377 pluries
347 1334 407 1363 erit
420 1330 559 1362 notandi
577 1331 688 1361 locus:
713 1338 846 1371 apparet
860 1340 939 1361 vero
963 1331 1108 1360 maxime
1131 1331 1166 1360 in
1183 1329 1359 1361 Oceauinis
1385 1337 1418 1361 et
1433 1330 1642 1366 Nereidibus,
1666 1332 1707 1363 de

212 1397 352 1430 quamm
366 1391 481 1416 natura
496 1385 563 1421 jam
578 1390 666 1413 recte
685 1383 845 1421 judicavit
868 1384 1082 1413 Eustathius:
1106 1382 1143 1424 f)
1167 1383 1298 1418 deinde,
1320 1391 1359 1413 ut
1382 1385 1449 1413 hoc
1473 1384 1604 1419 addam,
1628 1393 1661 1415 et
1675 1386 1710 1416 id

211 1439 359 1472 notabile
374 1443 433 1471 est,
456 1445 560 1465 unam
583 1434 789 1477 eandemque
816 1444 888 1465 rem
911 1436 1011 1470 reive,
1033 1442 1072 1464 ut
1095 1435 1214 1470 dicam,
1238 1437 1475 1476 proprietatem
1499 1444 1532 1466 et
1548 1436 1708 1468 effectum

212 1493 374 1535 pluribus,
398 1499 499 1531 quam
516 1499 592 1523 una,
616 1489 765 1528 personis
783 1498 965 1522 occurrere,
988 1498 1073 1529 quae
1088 1489 1152 1518 sibi
1168 1490 1262 1530 quasi
1277 1499 1484 1528 synonymae
1502 1498 1590 1525 sunt,
1614 1499 1647 1521 at
1661 1493 1707 1522 ita

212 1554 335 1578 tamen,
350 1550 389 1572 ut
402 1541 516 1572 eadem
532 1542 587 1570 illa
603 1551 652 1570 res
662 1540 795 1570 idemve
811 1542 858 1570 rei
873 1540 1030 1570 effectum
1048 1540 1179 1571 diverso
1198 1542 1233 1570 in
1250 1542 1365 1581 quavis
1381 1551 1518 1581 persona
1529 1551 1706 1583 appareant

213 1600 334 1630 colore.
380 1594 490 1635 Quam
504 1594 772 1624 observationem
787 1594 918 1622 iterum*
931 1591 1122 1623 faciendum
1145 1600 1194 1622 est
1214 1594 1301 1622 inter
1319 1592 1500 1623 Nereidum
1518 1601 1551 1624 et
1567 1593 1706 1626 Oceani-

213 1660 331 1682 narum
352 1654 540 1679 numerum,
564 1644 684 1674 deinde
709 1646 744 1674 in
761 1645 874 1675 multis
898 1655 937 1674 ex
960 1644 1077 1680 Musis,
1102 1646 1202 1675 etiam
1223 1646 1258 1675 in
1276 1645 1396 1681 Gratia,
1420 1656 1522 1688 quam
1540 1647 1656 1690 Aglaia
1673 1657 1706 1680 et

214 1704 330 1737 Thalia
346 1702 396 1742 bis
412 1698 479 1730 fere
494 1698 661 1747 exhibent.
708 1697 780 1729 Alio
804 1698 879 1728 loco
900 1698 1003 1740 plura.

1057 1805 1083 1835 L
1107 1813 1124 1835 2
1601 1808 1704 1852 Quar-

283 1955 311 1988 e)
331 1952 367 1979 de
384 1949 565 1979 Theiajvide
583 1950 680 1985 Heyn.
698 1948 733 1976 ad
746 1948 860 1976 Pindar.
895 1949 968 1983 Ejus
986 1948 1053 1975 loco
1072 1955 1113 1975 est
1134 1943 1226 1975 Achra
1240 1949 1316 1985 apud
1335 1950 1498 1986 Hyginum.

282 2040 308 2075 f)
322 2037 364 2065 ‘In
383 2037 506 2065 eundem
525 2047 644 2064 censum
659 2037 744 2064 veuit
763 2037 886 2068 Erebus,
906 2037 1041 2065 locorum
1057 2037 1220 2064 inferorum
1240 2036 1418 2063 obscuritas:
1439 2038 1487 2064 eui
1511 2039 1653 2075 quoniam
1672 2041 1705 2069 in

314 2085 438 2112 Tartaro
454 2080 624 2115 cubiculum
644 2081 828 2118 adcignatum
856 2090 914 2109 erat
941 2090 974 2108 nt
993 2082 1047 2109 deo
1066 2089 1093 2108 et
1111 2091 1260 2118 personae,
1288 2083 1372 2107 serius
1390 2081 1445 2109 hoc
1462 2082 1564 2120 ipsum
1580 2085 1705 2123 appell&

318 2137 383 2157 tum
402 2135 444 2157 est
458 2126 583 2159 Erebum,
604 2134 633 2155 et
650 2126 755 2157 deinde
773 2127 908 2166 positum
923 2137 978 2166 pro
999 2128 1120 2156 Tartaro
1131 2126 1169 2154 -in
1186 2126 1367 2156 universum.
