1973 2714
947 238 991 278 65

224 337 300 369 nuit
319 335 455 379 opinio.
501 334 579 379 Quo
608 345 688 368 vero
716 342 815 378 pacto
844 335 993 378 potuerit
1024 344 1144 370 carere,
1174 342 1214 365 ut
1237 334 1458 376 'explicarent‚
1483 342 1562 365 cum
1587 333 1623 364 in
1649 332 1729 375 ipsis

221 390 392 422 historiis
402 390 487 420 nihil
515 396 600 420 esset
628 391 795 424 notatum,
828 388 869 419 de
899 387 1072 419 fraudibus
1104 388 1337 429 cogitaverunt
1366 388 1489 449 Jacobi,
1519 389 1614 426 cnjus
1647 396 1727 417 saue

226 445 281 476 vel
312 446 457 476 maxime
485 444 643 476 interesse
674 437 860 485 oportuisse
887 442 1091 486 cogitabant,
1122 448 1161 472 ut
1191 440 1327 471 fratrem
1349 442 1389 471 iis
1411 424 1538 480 juribus
1559 441 1726 484 speum-et,

227 507 305 527 cum
328 496 479 538 quotidie
502 497 660 527 deberent
682 497 726 527 ob
752 497 868 528 oculos
892 496 1015 526 habere
1037 495 1188 535 exempla
1217 493 1363 523 invidiae
1392 495 1563 532 juniorum
1584 494 1725 524 fratrum

222 550 258 581 in
288 551 429 590 majores
458 555 549 581 natu.
592 548 724 590 ¹Verum
753 547 846 592 quod
866 556 928 580 'ex
945 546 1119 579 fraudibus
1149 555 1212 577 nec
1239 544 1374 590 aliunde
1406 546 1494 577 exilii
1524 553 1557 577 et
1581 545 1726 576 miseriei

224 604 336 635 Esavii
367 614 501 636 causam
528 604 698 646 petebant,
725 605 828 635 suasit
857 601 1061 644 patriarchae
1088 611 1225 636 nomen,
1257 600 1350 642 quod
1371 607 1421 631 est
1440 600 1481 631 ab
1504 601 1588 648 :pv
1619 599 1726 638 (deci-

224 658 330 697 pere).
367 656 491 685 Iterum
502 655 702 697 decipiendi
723 656 889 687 rationem
912 654 1029 684 docuit
1057 654 1169 684 Esavii
1190 661 1329 686 nomen,
1360 658 1482 682 notans
1507 652 1671 681 hirsutum
1694 657 1728 679 et

223 710 272 741 sic
299 716 375 741 nata
404 716 454 741 est
482 705 625 742 n‘arratio
643 707 696 740 'de
726 708 813 752 pelle
844 707 987 751 caprina,
1021 713 1111 739 certe
1132 707 1168 737 in
1190 704 1414 750 eofdestituta
1433 706 1602 742 acumine,
1632 702 1727 748 quod

207 759 427 805 ¹colloquitur
446 764 587 794 Iacobus
616 773 695 793 cum
727 769 819 804 patre
853 771 967 796 coeco.
997 768 1032 791 et
1048 770 1147 794 ,voce
1169 761 1272 801 igitur
1295 759 1452 801 dignosci
1473 767 1607 801 poterat
1628 769 1646 788 a
1666 758 1728 788 fra-

223 822 290 846 tre:
323 814 444 846 deinde
470 816 682 846 inventorem
711 821 746 857 et
771 814 989 857 interpretem
1019 812 1085 844 hoe
1107 819 1213 848 notat,
1243 810 1335 854 quod
1358 821 1479 842 cavere
1502 811 1603 843 debet
1626 818 1728 842 senex

221 881 239 902 a
253 866 444 915 fraudibus
465 877 499 902 et
519 877 705 911 pertentare
728 867 848 904 filium,
872 876 912 899 ut
933 876 1046 900 totum
1069 861 1302 900 commentum
1329 867 1447 898 locum
1479 867 1612 899 habeat.
1657 864 1725 896 Sed

222 924 329 963 magis
358 921 550 952 offendebat—
574 920 884 951 verosimilitudinis
914 922 1070 962 speciem,
1097 921 1156 962 qui
1176 920 1338 960 explicare
1360 919 1500 955 studuit,
1529 929 1598 962 quo
1621 925 1724 960 pacto

221 974 314 1007 fratri
333 975 633 1017 primogenituram
655 975 855 1007 concesserit
871 973 1021 1011 Esavius,
1041 974 1201 1005 nimirum
1217 982 1279 1015 pro
1302 973 1444 1004 lentium
1467 972 1607 1009 ferculo,
1629 969 1726 1015 quod

223 1029 369 1058 esuriens
391 1028 564 1067 appetierit
585 1028 651 1056 ille.
695 1026 805 1068 Atque
830 1029 858 1056 is
889 1028 989 1057 etiam
1018 1026 1139 1057 ductus
1171 1036 1242 1056 esse
1268 1026 1402 1056 videtur
1430 1027 1472 1057 ab
1503 1026 1725 1066 etymologia,

223 1089 241 1112 a
263 1079 420 1116 nomine,
434 1084 529 1122 puto,
549 1077 783 1118 Edomitamm
816 1077 1011 1119 (mnu-m
1028 1079 1089 1120 );
1094 1078 1136 1112 ad
1165 1087 1249 1122 quos
1286 1078 1553 1123 primogenitura
1585 1077 1724 1109 orbatus

180 1130 208 1153 ”-
224 1128 387 1176 confugit.
437 1132 527 1164 Nam
549 1134 691 1164 lentium
721 1124 888 1165 ferculum
916 1134 1033 1195 eadem
1063 1133 1174 1165 radice
1205 1129 1341 1174 (ffiN)
1369 1141 1428 1170 est,
1466 1136 1529 1166 etsi
1564 1134 1726 1168 nesciam,

223 1182 315 1228 ¹quod
332 1185 552 1216 intervenerit
573 1186 721 1218 tertium

309 1293 355 1322 Ut
373 1293 476 1334 igitur
496 1292 648 1328 Iacobus,
670 1294 716 1323 ita
731 1294 859 1324 Lothus
884 1294 925 1324 ab
947 1295 1079 1324 incestu
1098 1293 1263 1324 vindicari
1282 1300 1404 1336 potest,
1422 1295 1452 1324 si
1473 1294 1543 1333 ejus
1559 1292 1727 1335 flagitium

223 1343 345 1380 itemm
365 1345 511 1378 tribuere
530 1347 615 1379 velis
635 1349 855 1390 interpretum
873 1349 1031 1385 acumini,
1076 1347 1167 1392 quod
1190 1346 1262 1380 fieri
1282 1358 1380 1390 posse
1404 1350 1533 1391 opinor.
1585 1345 1728 1380 Constat

207 1402 315 1439 ⁴enim
337 1400 485 1428 Lothum
504 1399 619 1428 haberi
640 1409 701 1439 pro
725 1400 960 1430 Moabitarum
982 1408 1016 1430 et
1038 1402 1303 1431 Ammonitarum
1331 1408 1479 1435 auctore,
1501 1400 1594 1442 quod
1613 1400 1729 1440 lingua

225 1451 377 1494 mythica
396 1443 606 1488 enunciavit,
618 1450 777 1484 Moabem
799 1459 833 1484 et
854 1452 1063 1485 Ammonem
1081 1441 1169 1486 filios
1191 1453 1293 1485 Lothi
1314 1451 1426 1491 fuisse,
1455 1460 1495 1485 ut
1516 1451 1606 1496 apud
1630 1451 1728 1484 Grae.-

223 1516 300 1536 cos:
311 1506 472 1535 Hellenis
494 1504 554 1534 filii
573 1506 687 1536 Dorus
709 1514 743 1536 et
763 1507 869 1536 Aolus
894 1514 927 1536 et
950 1508 1069 1537 similia
1091 1509 1127 1536 in
1157 1509 1227 1547 ipsa
1251 1507 1502 1537 Noachidarum
1524 1508 1727 1549 genealogia.

224 1557 293 1588 Iam
314 1565 353 1586 ex
367 1556 557 1606 “utriusque
578 1554 640 1587 filii
663 1558 802 1589 nomine
822 1559 1063 1599 conjecturavit
1092 1564 1190 1590 vetus
1212 1568 1324 1589 rerum
1351 1557 1561 1593 Iudaicarum
1591 1557 1727 1601 indaga-

223 1619 286 1647 tor,
308 1612 498 1652 procreatos
521 1608 623 1641 fuisse
644 1620 683 1640 ex
706 1610 851 1641 filiarum
872 1613 1088 1653 amplexibus.
1133 1612 1220 1642 Nam
1250 1613 1279 1643 si
1302 1614 1502 1648 memineris,
1531 1614 1640 1652 ipsam
1655 1612 1726 1643 Lo-

225 1663 277 1695 chi
291 1661 404 1709 filiam
433 1668 535 1704 gnato
561 1668 644 1692 natu
674 1663 794 1701 majori
824 1672 949 1693 nomen
984 1664 1156 1695 tribuisse:
1188 1663 1307 1700 Moab,
1331 1664 1451 1695 incidis
1475 1663 1572 1696 facile
1594 1666 1630 1695 in
1653 1671 1724 1706 ety-

223 1718 405 1762 mologiam
427 1717 497 1755 ΞΝ,
506 1721 615 1756 pater,
630 1717 679 1756 Q,
700 1727 752 1752 ex,
776 1727 818 1747 ex
839 1722 940 1757 patre
962 1718 1052 1756 (scil.
1074 1720 1177 1760 meo)
1203 1726 1339 1765 gnatus.
1384 1716 1492 1754 nNin
1524 1724 1647 1751 autem
1667 1729 1727 1761 per

225 1769 430 1812 Syrias'mum
447 1775 496 1799 est
516 1766 576 1815 pro
599 1770 716 1809 ZND.)
758 1769 889 1801 Deinde
910 1771 1008 1801 altera
1030 1769 1096 1801 filia
1120 1780 1199 1818 cum
1230 1773 1354 1802 minori
1376 1779 1460 1803 natu
1482 1773 1645 1803 Ammoni
1675 1775 1724 1803 in-

227 1817 319 1856 deret
340 1831 475 1859 nomen,
510 1821 603 1865 quasi
632 1821 739 1854 dicere
767 1823 918 1855 volebat.
948 1823 1015 1855 hoc
1037 1831 1135 1867 partu
1156 1834 1219 1869 ego
1244 1836 1319 1857 sum
1344 1833 1452 1857 mater
1477 1837 1550 1858 mea
1572 1825 1663 1869 (fllia
1695 1835 1730 1858 et

224 1887 310 1908 uxor
329 1878 448 1918 patris)
464 1878 556 1912 ἿΕΝ,
579 1876 671 1918 quod
693 1882 787 1908 tanto
808 1879 1029 1908 verosimilius
1052 1885 1102 1908 est
1122 1880 1269 1910 voluisse
1292 1882 1520 1922 interpretem,
1551 1881 1647 1922 quod
1667 1891 1726 1911 no·

223 1940 303 1962 men
331 1935 475 1972 torquet,
498 1930 539 1969 h.
570 1930 592 1961 l.
621 1929 822 1962 Ammonem
852 1940 976 1962 vocans
998 1933 1087 1967 ³729,
1111 1932 1169 1975 qui
1191 1932 1317 1976 ubique
1340 1933 1462 1977 legitur
1488 1930 1585 1977 1509.
1630 1933 1727 1966 Prae-

224 1981 311 2016 ¹terea
339 1983 517 2014 diversum
537 1984 565 2015 A
588 1983 643 2022 (N
666 1991 699 2015 et
711 1986 768 2024 Β)
790 1991 839 2015 est
860 1985 895 2015 in
916 1992 1054 2027 utraque
1076 1995 1171 2021 voce,
1196 1986 1253 2017 sed
1277 1987 1382 2018 modo
1408 1989 1524 2024 oculis,
1547 1998 1618 2019 non
1642 1991 1726 2020 auri-

224 2033 297 2068 bus.
339 2035 412 2067 Hae
431 2045 513 2067 vero
536 2037 625 2068 solae
647 2036 831 2087 audiendae
851 2034 1062 2069 videbantur
1072 2039 1254 2088 interpreti,
1286 2047 1344 2072 aut
1366 2037 1474 2073 videri
1496 2041 1677 2081 debebant,
1700 2046 1730 2076 si

227 2091 379 2133 antiqua
385 2096 445 2121 est
456 2090 662 2134 etymologia
682 2098 716 2123 et
738 2101 755 2123 a
778 2092 961 2124 litterarum
986 2092 1116 2135 experte
1135 2092 1295 2135 profecta.

1624 2198 1728 2241 Quar-
