1973 2714
913 244 957 279 97

186 337 333 382 panibus
355 337 451 367 locus
474 343 532 367 est.
577 335 689 377 Quare
710 344 767 365 rex
784 331 906 363 mundi
926 339 960 362 et
982 331 1124 362 deorum
1145 326 1400 370 (daemonum),
1424 328 1490 371 qui
1519 325 1683 358 hactenus

135 401 139 404 ·
186 390 253 421 fuit
274 390 415 424 Cronus,
432 398 525 419 nunc
546 389 717 429 amplexus
740 387 870 416 Rheam
890 385 1020 425 prolem
1042 385 1138 414 serit:
1160 381 1278 419 Ἓστιαν,
1299 386 1441 423 Anum-gut,
1469 379 1561 421 Ἥρην,
1593 374 1684 412 ᾍδην,

186 441 342 477 nondum,
379 444 443 478 Δια,
472 449 537 473 tres
568 440 654 471 filios
683 439 892 479 totidemque
918 435 1017 467 filias:
1061 445 1178 467 omues
1200 435 1287 476 {sane
1308 436 1431 477 absque
1452 435 1520 465 ulla
1542 432 1684 463 notione

184 496 334 536 physica,
356 501 395 523 ut
416 501 495 524 sunt
516 494 552 524 in
570 493 696 533 mythis
719 489 868 526 Homeri,
891 490 1044 535 quamviss
1068 489 1150 520 olim
1172 496 1206 520 et
1227 490 1316 531 ipsos
1334 494 1469 518 naturae
1492 486 1683 531 daemone-53

186 554 220 577 at
244 547 344 577 simul
367 545 484 581 cultos,
507 545 608 576 fuisse
631 544 787 575 credibile
809 551 859 574 est
881 543 970 583 (vid.
994 545 1146 585 praem),
1170 553 1235 585 qua
1258 550 1338 572 vero
1369 541 1508 571 notione
1536 537 1682 581 plurimi,

184 609 277 630 nuuc
299 609 361 630 nos
389 598 553 639 praeterit.

271 705 314 737 At
336 712 464 748 praeter
485 710 545 736 ‘eos
568 714 634 740 sex,
656 704 772 735 Iovem
795 713 875 735 cum
897 702 1050 735 fratribus
1076 710 1110 735 et
1131 703 1311 738 sororibus,
1333 701 1444 743 plures
1463 698 1597 730 colebat
1612 697 1684 727 reli-

185 761 294 802 gionis
311 760 390 791 deos
398 759 564 802 juniores,
586 760 721 802 illorum
735 758 821 790 filios
843 758 1001 800 filiasque,
1023 758 1201 793 Palladem,
1223 758 1377 792 Martem,
1399 754 1513 787 Musas
1528 760 1592 785 etc.
1616 750 1684 782 Ho-

183 810 260 842 'rum
282 813 384 854 igitur
406 812 575 855 generatio
597 820 689 841 nunc
712 811 869 853 deinceps
891 818 1003 841 secuta
1025 812 1068 841 sit
1088 812 1123 839 in
1142 812 1215 851 ipso
1237 812 1375 850 antiquo
1391 807 1684 848 philosophemate

185 873 326 907 oportet.
369 865 434 896 Sed
456 867 578 896 iterum
601 866 801 896 intervenire
821 872 919 907 poeta
942 863 1107 896 secundus
1130 863 1281 894 debebat.
1326 861 1412 892 Nam
1435 870 1527 891 nunc
1548 858 1682 890 Cronus

183 929 287 961 regno
316 918 530 959 depellendus
552 925 621 948 erat
644 918 685 947 ab
708 919 830 948 ultimo
854 919 921 948 hoc
942 918 1082 948 deorum
1113 924 1300 956 systemate,
1331 915 1423 957 quod
1453 917 1565 955 ipsum
1594 910 1681 942 fece-

182 979 242 1007 rat,
264 978 302 1002 ut
325 978 394 1002 tota
418 970 460 1001 de
484 970 545 1002 diis
569 970 693 1001 throno
716 970 852 1010 dejectis
882 972 1041 1013 cogitatio
1073 971 1205 1000 invecta
1231 975 1316 1000 esset
1345 969 1380 998 in
1412 965 1678 1009 philosophema,

169 1024 271 1073 s(vid.
295 1026 433 1065 praem.)
477 1024 555 1065 Quo
579 1022 669 1055 facto
690 1024 816 1064 Jupiter
837 1034 941 1066 regno
963 1025 1100 1066 potitus,
1128 1024 1198 1065 ipse
1219 1030 1254 1055 et
1282 1021 1406 1058 fratres,
1434 1022 1581 1062 juniores
1605 1027 1679 1060 pro-

182 1084 294 1108 creant
317 1076 407 1108 deos.

266 1185 424 1228 Sequitur
446 1186 547 1228 igitur
568 1186 709 1217 narratio
734 1186 775 1217 de
795 1186 961 1218 seditione
988 1186 1078 1218 Iovis
1100 1196 1178 1217 cum
1210 1185 1365 1217 fratribus
1389 1192 1504 1216 contra
1526 1182 1679 1214 Cronum

182 1247 260 1268 cum
283 1239 471 1273 Titanibus,
496 1239 679 1273 observato,
709 1242 767 1280 qui
788 1241 823 1268 in
844 1242 950 1280 prima
984 1248 1098 1270 contra
1120 1240 1270 1270 Urauum
1301 1240 1460 1273 obtinuit,
1493 1246 1619 1271 tenore,
1648 1237 1677 1266 εἰ

180 1292 321 1332 excipias
344 1292 483 1333 singula.
526 1291 651 1322 Itemm
675 1290 805 1322 eronus
828 1299 877 1323 est
898 1299 991 1334 pater
1012 1299 1046 1323 et
1068 1299 1228 1332 tyrannus
1245 1293 1460 1333 suspiciosus,
1482 1292 1518 1333 q)
1543 1291 1677 1324 timens,

179 1354 222 1384 ne
244 1355 261 1374 a
285 1343 359 1375 filiis
382 1344 518 1374 orbetur
539 1355 653 1386 regno,
679 1346 816 1386 ipsaque
839 1347 1040 1386 suspicione,
1062 1345 1264 1376 crudelitatis
1287 1347 1322 1375 in
1340 1345 1425 1376 filios
1445 1354 1553 1379 causa,
1576 1343 1679 1385 cogit,

180 1404 217 1426 ut
241 1397 367 1426 bellum
395 1403 555 1427 moveant
584 1398 640 1427 illi.
685 1396 811 1427 Eadem
841 1399 943 1439 igitur
965 1399 1075 1437 hujus,
1104 1408 1189 1439 quae
1219 1398 1393 1428 seditionis
1422 1397 1569 1427 filiorum
1599 1404 1679 1425 con-

179 1450 409 1499 traxUmnum,
434 1459 530 1480 eausa
553 1457 613 1485 est,
632 1450 737 1481 modo
757 1457 797 1480 ut
818 1451 880 1481 alia
908 1452 952 1481 sit
983 1451 1159 1482 crudelitas
1182 1450 1286 1482 Croni
1314 1453 1350 1481 in
1382 1451 1545 1485 sobolem,
1575 1458 1678 1491 quam

179 1502 280 1532 Uraui
309 1503 343 1531 in
375 1502 538 1544 Cyclopes
568 1510 602 1534 et
632 1502 860 1539 Centimanos,
889 1511 923 1534 et
952 1504 1087 1535 aliunde
1118 1506 1231 1545 petita.
1284 1505 1342 1535 Illa
1373 1506 1464 1535 enim
1496 1504 1683 1534 constituta

179 1561 248 1585 crat
270 1555 310 1584 ab
334 1556 406 1595 ipso
428 1555 730 1597 philosophemate,
752 1556 841 1591 Cum,
865 1556 957 1598 quod
979 1556 1110 1588 Cronus
1132 1557 1213 1588 facit
1234 1567 1311 1588 cum
1332 1558 1459 1592 sobole,
1480 1559 1676 1586 mutuatum

151 1629 155 1631 >
178 1605 258 1638 sit'a
282 1608 421 1637 notione
448 1608 627 1647 Temporis,
652 1607 667 1638 ὅ
686 1620 826 1637 xoeraxma
847 1620 885 1637 τοι
914 1609 1056 1646 γενόμενα,
1083 1617 1264 1650 praeeunte
1294 1609 1405 1640 forsan
1434 1611 1574 1651 antiquo
1604 1618 1677 1648 my-

178 1660 249 1691 tho.
271 1657 274 1660 “
296 1658 439 1691 Liberos
469 1671 590 1703 nempe
617 1661 708 1698 deos,
737 1663 825 1693 sicut
854 1663 926 1692 nati
954 1669 1056 1698 erant,
1085 1662 1295 1694 devoravisse
1324 1664 1438 1705 posuit
1466 1670 1575 1705 poeta.
1633 1662 1677 1693 At

179 1714 269 1743 Rhea
294 1715 415 1744 iterum
438 1714 554 1745 eadem
577 1723 694 1751 mater,
716 1716 869 1746 sobolem
891 1717 966 1757 plus
986 1717 1107 1747 marito
1130 1716 1282 1759 diligens,
1305 1724 1363 1752 est,
1394 1727 1480 1758 quae
1503 1717 1584 1748 olim
1611 1715 1677 1748 fuit

180 1765 289 1797 Terra.
333 1766 473 1799 Summo
495 1775 587 1800 mota
609 1768 723 1801 dolore
753 1769 808 1809 (V.
833 1769 908 1809 67.)
937 1770 1099 1800 auxilium
1131 1771 1259 1812 quaerit
1287 1770 1328 1801 ab
1357 1770 1460 1801 Urani
1490 1777 1524 1802 et
1554 1770 1677 1801 Terrae

1611 1833 1679 1855 ora-

248 1904 282 1941 q)
301 1915 336 1931 τι
353 1908 445 1943 Φςσνει
442 1918 479 1938 ·,)ν
500 1906 541 1935 ἶνα
556 1919 594 1943 μη
612 1920 650 1941 τις
668 1908 777 1946 aivam-ov
796 1908 973 1946 Ουρανιωνων

302 1948 410 1981 ἄλλος
397 1961 424 1977 εν
442 1951 611 1985 ἅθανατοις’
598 1965 652 1989 ⁵20⁷
670 1955 811 1990 βᾳσιληιδα
827 1965 914 1988 τιμην.

248 2007 381 2035 Timoris
401 2016 516 2037 causam
529 2019 616 2049 poeta
630 2012 700 2040 fecit
715 2013 867 2042 oraculum
888 2014 977 2042 Uram’
994 2021 1022 2042 et
1043 2013 1150 2042 Terrae
1165 2022 1194 2041 v.
1208 2013 1270 2049 464,
1291 2014 1345 2051 qui
1365 2013 1565 2042 vaticinantur
1588 2016 1678 2044 etiam

283 2051 389 2080 Rheae.
427 2054 561 2081 Seniores
586 2055 631 2082 dii
653 2056 753 2084 futura
775 2059 947 2095 praedicunt
968 2058 1146 2092 junioribus,
1173 2066 1206 2085 ut
1227 2068 1308 2085 senes
1330 2058 1410 2086 inter
1435 2059 1573 2088 homines
1596 2070 1679 2091 vates

283 2102 364 2126 eunt,
379 2096 522 2133 quoniam
535 2099 676 2128 vaticinia
691 2101 770 2130 nihil
785 2102 889 2131 aliud*
880 2103 972 2131 uutio
995 2110 1085 2133 erant,
1114 2112 1202 2141 quam
1225 2101 1350 2130 consilis
1367 2103 1625 2141 prudentiorum'
1616 2115 1637 2134 ι.
1654 2116 1678 2135 ο.

283 2147 374 2167 aetate
390 2142 620 2178 provectiorum.

211 2196 316 2223 nanno
334 2193 468 2224 analecta.
1175 2194 1208 2225 N
