1973 2714
281 332 408 387 sepulta
429 345 514 383 jacet
536 341 692 379 tenebris,
715 340 824 374 donec
848 341 908 373 lux
929 343 1114 384 perrumpit
1136 342 1301 373 aetherem
1326 350 1358 374 et
1382 344 1572 385 universam
1594 337 1705 379 rerum
1728 345 1803 382 nas

279 406 389 430 turam
414 398 567 429 illustrat.
613 397 707 428 Haec
736 407 817 427 vero
847 397 905 427 lux
934 394 1024 427 idem
1055 395 1139 426 illud
1166 407 1324 428 summum
1355 405 1415 433 est,
1459 401 1514 430 cui
1542 403 1667 432 nomen
1698 402 1784 433 indit

278 452 385 487 Μῆτις,
408 452 443 490 (ἰ.
459 461 488 481 e.
503 448 618 490 Βωλιὴ)
640 450 699 480 *bf-'s
723 457 756 481 et
778 449 837 484 Ζωῆ
859 448 927 491 (ap.
952 448 1044 480 Suid.
1068 446 1215 491 ζωοδὸτηρ)
1236 460 1340 494 eaque
1363 451 1432 481 tria
1464 461 1561 484 uuum
1592 464 1661 486 esse
1692 454 1784 490 dicit,

278 505 442 536 nimirum
466 503 571 536 deum
601 504 755 541 invisum,
784 513 886 547 quem
913 501 1016 549 nemo
1043 513 1195 546 unquam
1216 504 1313 541 vidit,
1342 506 1437 545 cujus
1458 508 1605 549 speciem
1628 517 1666 540 ac
1689 514 1786 539 natu-

281 567 354 590 ram
370 567 475 589 nemo
493 560 664 601 cognovit,
679 559 772 596 cujus
788 558 950 592 viomnia
968 556 1054 588 facta
1064 564 1153 593 sunt,
1170 558 1240 588 visa
1255 565 1288 589 et
1299 560 1419 595 invisa,
1436 569 1521 602 quae
1531 570 1651 603 corpus
1659 561 1787 592 habent.

281 619 316 643 et
330 621 416 654 quae
431 613 503 643 sine
523 620 660 653 corpore
674 617 764 645 sunt,
781 609 849 644 Sol,
863 610 957 641 Luna
973 614 1007 640 et
1020 610 1151 647 Stellae,
1167 611 1267 642 Terra
1276 618 1308 642 et
1315 611 1417 648 Mare,
1425 616 1620 656 quaequein
1629 614 1786 645 omnibus

283 665 412 708 degunt
429 672 528 706 atque
543 670 727 698 versantur,
744 663 814 693 visa
832 670 865 693 et
879 664 996 694 invisa.
1020 664 1210 695 Hominum
1225 675 1305 696 vero
1321 671 1429 708 ‘genus
1446 667 1487 697 ab
1496 667 1616 698 eodem
1625 667 1689 700 deo
1698 669 1786 700 sicut

283 718 394 750 Moses
424 727 472 748 ex—
486 716 580 758 gleba
604 715 781 747 conditum
805 722 839 747 et
861 717 972 756 anima
1000 718 1154 765 rationali
1176 718 1378 749 instmctum
1400 729 1471 751 esse
1491 719 1636 763 prodit-‘⁶

367 823 451 865 Quis
474 832 555 854 vero
579 822 720 858 dubitet,
744 824 828 854 haec
852 822 989 865 Orpheo
1011 833 1082 854 esse
1104 826 1276 866 supposita
1301 836 1319 856 a
1342 824 1543 863 Christiano,
1566 836 1675 870 eoque
1697 826 1785 858 illius

283 878 455 920 temporis,
477 886 545 920 quo
573 877 773 918 inceperunt
803 877 957 908 homines
981 876 1161 909 Christiani
1190 879 1226 909 in
1254 878 1452 911 Gentilium'
1468 881 1606 912 historia
1634 873 1791 929 mythica-

281 932 487 973 caeterisque
515 928 637 960 fabulis
668 927 809 960 olfacere
829 929 1026 962 Bibliorum
1046 938 1176 962 narrata
1206 939 1240 962 et
1262 932 1431 975 dogmata,
1454 935 1560 976 eaque
1586 933 1691 965 modo
1716 943 1789 964 cor-

286 992 385 1027 rupta
408 990 442 1015 et
463 992 618 1026 perversa
640 992 712 1014 esse
732 990 868 1014 auctore
891 983 1037 1019 diabolo,
1060 984 1124 1015 sibi
1145 985 1286 1028 aliisque
1307 986 1519 1028 persuadere:
1537 997 1606 1030 quo
1626 988 1788 1019 nimimm

280 1040 372 1081 ipsos
395 1038 477 1069 olim
499 1036 653 1080 Paganos
673 1035 780 1076 justae
802 1035 857 1067 dei
878 1037 1083 1080 cognitionis
1111 1037 1214 1069 fuisse
1240 1040 1416 1081 participes
1445 1050 1550 1084 eaque
1580 1051 1598 1072 a
1626 1041 1702 1072 Deo
1723 1039 1789 1071 vel

286 1092 379 1135 ipsos
404 1082 547 1123 donatos
577 1089 742 1122 declarare
763 1090 933 1122 volebant.
978 1090 1060 1122 Inde
1088 1092 1206 1123 misera
1230 1092 1577 1136 historiographorum
1598 1094 1788 1129 conamina.

282 1147 381 1189 quale
402 1152 452 1177 est
476 1143 619 1176 Cedreni
642 1151 676 1175 et
698 1144 850 1179 aliorum,
874 1143 1021 1186 indeque
1042 1144 1258 1175 inconditum
1282 1155 1377 1186 opus,
1411 1147 1504 1188 quod
1527 1147 1689 1178 tribuitur
1708 1146 1789 1177 San.-

283 1198 493 1231 chuniatoni.
536 1197 609 1228 Imo
632 1207 713 1227 rem*
729 1206 770 1227 eo
792 1193 900 1239 usque
933 1197 1132 1238 processisse
1153 1197 1287 1238 probari
1314 1205 1436 1240 potest,
1456 1200 1510 1242 pia
1532 1198 1649 1231 fraude
1680 1200 1787 1241 poetis

284 1262 393 1284 novos
420 1261 535 1282 versus
566 1251 705 1292 aliisque
738 1250 798 1280 alia
840 1250 1054 1291 supposuisse
1094 1248 1311 1290 Christianos.
1378 1250 1437 1286 Ita,
1459 1252 1607 1294 inquam,
1656 1256 1788 1283 nostrae

286 1305 523 1347 cosmogoniae
549 1310 668 1336 auctor
698 1312 716 1332 e
744 1302 857 1333 bibiiis
871 1309 1043 1343 ,mutuata
1072 1302 1226 1342 attribuit
1255 1301 1403 1345 Orpheo,
1436 1311 1537 1347 atque
1567 1313 1607 1337 ut
1636 1312 1788 1347 saperent

287 1358 473 1399 Orpheum,
503 1363 628 1386 caetera
643 1360 647 1364 ‘
663 1355 803 1385 retinuit
833 1365 873 1385 ex
903 1356 1121 1396 cosmogonia
1152 1354 1377 1395 Orphicorum
1406 1356 1553 1395 vulgari,
1583 1368 1668 1399 qnae
1698 1357 1788 1399 apud

284 1412 442 1442 Damasc.
458 1415 518 1444 est,
541 1415 574 1439 et
599 1408 634 1438 in
656 1415 747 1437 nexu
768 1407 883 1448 posuit
906 1415 984 1438 cum
1007 1406 1082 1438 illis.
1126 1406 1243 1449 Itaque
1266 1408 1405 1438 retinuit
1434 1407 1571 1450 quidem
1592 1409 1788 1447 Phanetem,

288 1464 468 1505 orphjcum
490 1459 660 1501 δημιουργδν,
683 1461 759 1503 qui
764 1460 877 1490 lucem
899 1458 1000 1490 infert
1022 1466 1169 1495 naturae,
1191 1459 1250 1490 sed
1271 1461 1328 1491 ita,
1341 1467 1385 1490 ιιι
1406 1459 1530 1492 faceret
1552 1472 1631 1492 eum
1653 1461 1790 1493 Christi-

285 1526 428 1549 anorum
450 1514 564 1545 Deum
595 1512 749 1548 imaisum,
783 1510 891 1542 tribus
920 1509 1076 1552 personis
1104 1511 1327 1552 compositum
1348 1519 1382 1543 et
1404 1520 1517 1545 tamen
1541 1515 1697 1552 manum,
1718 1526 1789 1559 per-

284 1581 382 1604 sonas
413 1578 494 1610 vero
521 1567 592 1598 illas
622 1565 696 1605 ξοην,
725 1566 782 1605 φιῖι
813 1573 846 1597 et
867 1565 963 1600 Μῆτιν
991 1564 1165 1607 adoptans,
1186 1576 1269 1610 quas
1290 1566 1514 1610 Evangelium
1535 1569 1694 1617 Iohannis
1714 1570 1739 1601 ,1
1760 1581 1788 1603 1.

283 1634 373 1667 seqq.
390 1618 508 1653 tribuit
531 1619 605 1651 deo
617 1621 767 1656 creatori,
787 1618 893 1650 modo
916 1625 956 1649 ut
976 1628 1037 1661 pro
1059 1618 1135 1657 Mn·
1157 1618 1325 1660 (ratione)⁴
1334 1625 1474 1662 poneret
1495 1621 1601 1659 Μῆτιν,
1623 1633 1696 1665 quo
1720 1634 1790 1656 ma-

282 1681 335 1717 jor
357 1683 443 1707 esset
463 1674 621 1704 Phanetis
638 1679 679 1703 et
699 1674 766 1703 Dei
789 1682 982 1703 consensus.
1029 1671 1116 1703 Nam
1139 1672 1303 1703 Metidem
1324 1674 1455 1707 Amoris
1478 1673 1582 1706 fuisse
1612 1677 1787 1717 epitheton

282 1738 395 1772 supra
415 1726 574 1758 vidimus.
598 1725 611 1733 ²
630 1725 736 1768 Super
773 1723 919 1767 Orphica
949 1723 1086 1768 quidem
1123 1725 1264 1768 vulgari,
1303 1726 1453 1769 inquam,
1483 1722 1617 1759 struxit⁸
1633 1727 1793 1761 fraudem*

288 1778 510 1817 christianus,
529 1776 588 1811 seii
610 1776 682 1815 illa,·
698 1786 738 1810 ut
756 1781 934 1810 immutata
957 1779 1023 1818 jam
1046 1784 1121 1810 erat·
1132 1779 1172 1811 ab
1195 1781 1273 1822 ipsis
1298 1779 1463 1823 Orphicis.
1495 1781 1583 1816 Nam
1596 1782 1788 1825 ‘deprehen-

283 1836 395 1867 dimus
418 1828 578 1873 δὴμιονῃδν
595 1830 719 1861 ἐποίκων
734 1843 801 1863 una
819 1842 898 1863 cum
918 1831 1037 1868 Nocte,
1061 1833 1139 1874 (pro
1163 1837 1227 1875 qua
1247 1835 1290 1863 in
1305 1834 1436 1876 vulgari
1456 1835 1625 1867 Damascii
1646 1836 1789 1878 Erebus)

283 1891 334 1921 illi
363 1887 534 1923 suadente,
562 1893 604 1917 ut
633 1888 744 1918 omnia
774 1886 908 1918 aethere
937 1885 1123 1917 circumdet
1153 1893 1187 1926 et
1208 1888 1244 1917 in
1265 1886 1504 1930 medioponat
1527 1890 1678 1921 coelum:
1703 1901 1788 1934 quae

284 1937 486 1974 assimiilima
511 1946 591 1971 sunt
610 1948 742 1971 nostrae
766 1934 955 1981 suppositae
976 1935 1184 1971 notionibus.
1217 1939 1260 1971 cf.
1283 1939 1393 1972 ProcI.
1417 1941 1457 1973 11.
1477 1953 1509 1984 p.
1531 1943 1585 1983 96.
1609 1952 1640 1975 2.
1663 1946 1790 1984 Διμιουρ-

283 1991 331 2033 γὲν
354 2002 467 2025 autem
489 2003 560 2025 esse
581 1993 767 2024 Phanetem
791 1992 935 2024 declarat
956 1992 1039 2024 alter
1060 1992 1210 2032 ejusdem
1234 1993 1340 2031 locus,
1363 1994 1424 2026 ubi
1446 1996 1532 2027 Noa:
1553 1996 1652 2043 initio
1673 2006 1787 2029 rerum

284 2058 435 2090 regnasse
465 2046 588 2078 dicitur
619 2056 698 2079 cum
732 2046 895 2083 manete,
924 2047 1008 2077 item
1038 2046 1190 2085 Hermias
1221 2045 1340 2092 fragm.
1375 2048 1464 2081 ined-
1497 2049 1596 2107 Gesn.
1587 2072 1607 2088 .,
1637 2050 1698 2083 ubi
1719 2060 1787 2083 una

286 2107 366 2132 tunt
386 2100 460 2131 Nox
482 2107 515 2130 et
534 2099 676 2133 Phanes.
711 2111 713 2113 ·

1722 2168 1795 2232 De=

760 2701 857 2714 ..a-rau„
873 2710 877 2712 .
897 2704 918 2714 „³-
930 2706 987 2714 7ss
1052 2700 1061 2714 2
1075 2705 1201 2714 -...„A‹t„⁸„
1215 2696 1229 2714 ι’
1511 2712 1519 2714 ,
1575 2709 1581 2714 ,
1721 2711 1724 2714 .
1739 2699 1874 2714 mah-‘ha
1886 2690 1973 2714 *ask-i
