1973 2714
902 255 948 300 44

180 361 258 391 oriri
279 358 468 389 statuebant
498 367 537 388 ex
561 354 709 388 Oceano.
756 357 855 398 Ergo,
889 352 1050 398 quoniam
1081 356 1129 387 ibi
1152 363 1250 388 natus
1281 367 1351 388 esse
1372 356 1430 388 Sol
1455 358 1522 389 dici
1538 359 1681 393 debebat

179 420 212 444 et
234 413 381 453 prinlum
406 418 509 445 ortus,
541 411 602 441 ubi
627 412 746 453 quovis
771 419 869 442 mane
898 410 975 441 oriri
1007 409 1153 445 videtur,
1196 409 1351 441 Bacchus
1379 410 1466 442 filius
1496 412 1680 453 Persepho-

177 476 235 496 nes
256 472 305 495 est
326 465 445 504 hymn.
470 473 522 505 29.
546 464 747 506 Athenagor.
771 464 792 493 1.
816 473 844 494 c.
869 462 1025 494 Clemens
1048 462 1223 495 Alexandr.
1240 459 1376 495 'cohort-
1401 464 1446 495 ad
1465 472 1556 507 gent.
1578 476 1613 507 p.
1631 476 1679 497 ιι.

176 518 228 550 ed.
260 518 448 555 Paxisiens„
481 526 514 550 et
537 518 697 550 Hercules
719 513 776 548 Sol
807 517 901 547 alteri
932 518 1018 558 parti
1036 527 1157 558 ‘aquae
1185 515 1284 549 filius.
1328 515 1506 550 Caeterum
1536 520 1572 550 in
1601 520 1679 551 artis

177 567 314 614 q'uoque
347 582 446 613 opera
475 573 557 603 abiit
586 572 724 611 mythus
752 570 794 600 de
823 569 970 605 Baccho,
1004 577 1168 611 quatenus
1197 571 1224 601 is
1255 570 1345 600 idem
1373 570 1483 602 factus
1512 572 1563 603 est
1601 581 1680 602 cum

178 626 257 658 Sole
287 632 346 657 aut
367 618 502 656 Mithra.
546 623 662 655 Exstat
690 623 780 653 enim
810 623 923 665 imago
954 622 1107 658 Mithrae,
1138 624 1233 662 quus
1262 623 1436 666 inscriptio
1466 631 1500 655 et
1525 626 1682 658 >solemne

179 690 308 711 nomen
336 679 396 710 Sol
418 678 497 708 cleas
521 676 703 708 invicibilis
728 684 762 707 et
785 677 902 707 Numa
927 676 1083 707 Sebasius
1112 677 1232 707 tribuit
1255 676 1315 712 illi,
1349 676 1441 719 quod
1471 678 1613 709 alterum
1634 680 1683 709 vi-

181 734 281 765 detur
302 739 422 763 notum
453 730 578 763 Bacchi
608 730 783 772 epitheton
812 729 976 760 Sabazius
997 740 1090 770 esse.
1112 728 1237 775 Montf.
1262 730 1308 760 -Τ.
1341 730 1364 760 Ι.
1389 730 1456 761 tab.
1479 720 1553 769 21⁴7.
1597 732 1682 763 Item

180 787 280 819 altera
312 785 376 815 tab.
405 787 478 821 ⁰13.
524 783 665 815 Mithras
696 790 766 815 tota
795 785 906 826 specie
942 785 1049 825 capite
1079 791 1113 814 et
1143 792 1223 814 cum
1252 784 1328 814 uvis
1358 783 1484 814 Bacchi
1513 794 1684 827 expressus

180 847 241 876 est,
263 838 372 871 addita
396 838 631 880 inscriptione:
658 837 782 868 Nama.
816 836 859 868 cf.
885 836 1019 868 Gruteri
1039 836 1191 879 Inscript.
1214 847 1246 879 p.
1270 836 1422 867 xmva-
1406 839 1491 879 .g)

264 943 421 978 Secundo
444 945 523 976 loco
546 944 639 976 unde
670 946 800 976 venerit
823 943 963 986 Orphici
985 944 1071 976 Solis
1102 954 1228 975 nomen
1260 944 1421 975 Hercules
1448 955 1520 977 non
1550 945 1686 978 difficile

180 1007 231 1032 est
252 1000 431 1042 conjectu.
484 997 544 1028 Vel
575 999 666 1028 enim
695 999 841 1039 petitum
870 1005 920 1028 est
950 1007 989 1028 ex
1018 997 1231 1040 philosophia
1261 998 1496 1040 Pythagorica,
1525 988 1609 1041 quae
1636 1002 1683 1031 ita

180 1051 367 1094 appellabat
397 1050 517 1091 ignem,
545 1052 602 1082 vel
630 1052 739 1082 versio
773 1058 823 1082 est
852 1050 1001 1082 nominis
1031 1048 1185 1087 Mithrae,
1222 1050 1315 1093 quod
1346 1058 1399 1082 est
1427 1047 1508 1083 deus
1537 1053 1685 1095 invictus

181 1107 252 1137 sive
280 1104 498 1136 invincibilis.
551 1105 705 1135 Tertium
733 1114 815 1136 vero
845 1104 1154 1147 probabilissimum
1184 1104 1263 1140 hoc,
1292 1104 1385 1147 quod
1413 1105 1595 1138 duodecim
1621 1106 1685 1139 Ζο-

183 1159 271 1190 diaci
299 1159 403 1201 signa,
434 1168 519 1201 quae
548 1158 617 1190 Soli
648 1165 728 1189 sunt
758 1157 990 1200 percurrenda,
1004 1158 1148 1200 signata
1180 1158 1235 1189 vel
1263 1158 1453 1201 comparata
1483 1168 1576 1191 erant
1606 1171 1687 1192 cum·

181 1212 365 1243 duodecim
389 1211 543 1242 Herculis
565 1212 746 1246 laboribus,
763 1211 803 1241 ‘id
824 1210 917 1252 quod
940 1211 1087 1250 hymnus
1122 1221 1171 1242 ιι.
1203 1211 1368 1244 declarat:
1394 1210 1481 1243 ἕνδεκ’
1507 1212 1555 1243 εἴπ’
1585 1213 1688 1245 cirron

182 1278 229 1296 κνν
249 1277 338 1305 μεχρι
371 1262 476 1299 δνσμων
505 1262 608 1293 ἆθλα
635 1261 799 1304 dan-enus
817 1264 855 1299 h)
888 1263 958 1294 scil.
980 1260 1130 1303 Ἡρακλῆς.
1182 1264 1240 1294 Ille
1266 1265 1372 1306 igitur
1399 1261 1494 1307 qu‘asi
1516 1266 1687 1300 Hercules.

192 1318 322 1351 Chr-oni
346 1317 490 1358 denique
512 1327 638 1347 nomen
661 1324 777 1346 notare
798 1316 933 1346 videtur
952 1316 1077 1351 Solem,
1102 1315 1273 1357 quatenus*
1291 1313 1432 1353 dierum,
1454 1320 1609 1350 noctium
1631 1331 1689 1351 an·

183 1373 287 1414 nique
319 1376 558 1410 tempestatum
591 1376 708 1399 auctor
731 1375 797 1412 pest,
826 1369 894 1406 (ut.
919 1368 1094 1409 epitheton
1124 1376 1222 1410 supra
1260 1379 1300 1399 ex
1331 1370 1461 1410 hymno
1494 1370 1687 1404 laudatum:

185 1436 284 1465 χρογου
308 1423 418 1462 παι-ηρ)
436 1423 501 1452 nisi
522 1423 678 1463 respiciat
699 1422 845 1462 speciem
876 1420 976 1455 senis,
1008 1430 1109 1461 quam
1133 1421 1219 1452 Solis
1249 1420 1313 1452 deo
1343 1431 1561 1454 communem
1592 1424 1690 1456 dede-

185 1484 268 1507 runt
289 1475 390 1505 multi
412 1475 531 1515 populi
562 1482 596 1504 et
625 1475 702 1504 artis
735 1483 832 1514 opera
863 1482 943 1502 cum
975 1472 1101 1503 Crono.
1145 1472 1286 1504 Mithran
1315 1475 1406 1503 enirn
1428 1476 1498 1516 ipse
1521 1473 1690 1519 effingitur

187 1539 268 1561 cum
300 1526 407 1558 barba
436 1537 540 1571 aeque
569 1536 607 1558 ac
637 1525 768 1557 Cronus
800 1532 833 1556 et
863 1525 922 1556 Sol
952 1525 1090 1567 Serapis.
1120 1525 1353 1567 Su'ppleme'ns
1371 1526 1412 1557 Τ.
1441 1527 1465 1558 1.
1496 1528 1562 1559 tab.
1587 1530 1626 1561 T.
1649 1531 1689 1562 11.

186 1583 255 1613 tab
278 1586 333 1620 42.
378 1580 492 1622 Antiq.
516 1581 636 1621 expliq.
660 1579 700 1610 T.
723 1580 778 1609 111
802 1578 868 1609 tab.
896 1577 966 1609 162.
1011 1578 1064 1608 De
1085 1577 1240 1618 Serapide
1276 1579 1377 1619 etiam
1408 1586 1530 1611 notum
1559 1592 1598 1612 ex
1627 1590 1690 1614 nu-

185 1635 348 1676 mismatis
377 1624 572 1674 Ᾰὲγρῑὶειοίε
603 1631 707 1662 Galba
738 1631 774 1661 V.
811 1630 860 1662 16.
894 1641 926 1672 p.
957 1634 1009 1671 34.
1039 1630 1200 1661 Antonin.
1230 1630 1339 1661 XLVI.
1374 1631 1450 1663 266.
1479 1633 1583 1672 (XVI.
1613 1638 1688 1675 376,

186 1689 289 1720 Marc.
319 1687 386 1718 XV.
416 1693 470 1724 71.
495 1685 609 1717 Verus.
642 1686 726 1717 V.111
754 1690 797 1725 4⁰
840 1684 883 1716 cf.
913 1685 1014 1728 Zoeg.
1051 1691 1122 1716 not.
1160 1684 1213 1716 16.
1266 1684 1314 1716 Ita
1353 1685 1544 1718 Siculorum
1576 1691 1627 1721 sol
1656 1700 1691 1723 et

188 1743 243 1772 alii
271 1741 427 1775 Orientis,
461 1735 500 1769 nt
522 1739 671 1773 Arabiae,
696 1749 781 1780 quae
811 1748 862 1769 res
892 1737 957 1768 fuit
990 1747 1098 1779 causa,
1129 1744 1169 1767 ut
1198 1737 1341 1769 Nonnus
1377 1738 1486 1769 Solem
1511 1742 1547 1771 in
1570 1742 1690 1774 Arabia

1612 1796 1697 1830 Cro-

258 1914 291 1951 g)
310 1912 370 1940 Ubi
389 1911 421 1938 in
441 1910 533 1939 Tauri
548 1909 623 1939 collo
649 1919 708 1947 est:
732 1912 829 1940 Numa
848 1911 972 1944 Sebesio,
990 1911 1022 1939 in
1041 1918 1161 1940 ventre:
1187 1912 1248 1940 Deo
1266 1911 1326 1941 Soli
1341 1913 1445 1942 invicto
1461 1913 1586 1943 Mitlire.

256 1991 289 2024 li)
310 1989 422 2016 Ultima
435 1997 516 2015 -vox
543 1989 663 2026 proprie
687 1989 828 2015 sumenda
854 1988 976 2016 videtur
997 1995 1097 2025 'neque
1115 1997 1169 2025 pro
1185 1987 1258 2019 ἱειαι,
1285 1999 1345 2027 quo
1363 1999 1451 2018 sensu
1463 1991 1594 2020 maxime
1612 1993 1690 2030 apud

293 2034 434 2074 Tragicos
449 2042 502 2063 est.
539 2035 617 2064 Nam
634 2034 757 2062 innuere
770 2041 868 2073 potest
882 2031 1019 2062 Herculis
1035 2032 1158 2072 figuram
1173 2028 1329 2077 gerpentiffi
1357 2045 1445 2075 quam
1462 2035 1689 2075 idemphymnue

294 2082 436 2117 agnoscit.
452 2081 514 2107 vid.
534 2091 636 2117 supra:
656 2085 782 2117 στραψας
799 2084 903 2113 (pomer.
939 2081 1036 2105 Etiam
1061 2080 1200 2106 Mithram
1228 2081 1269 2106 ita
1294 2082 1439 2117 expressit
1464 2091 1519 2113 urs,
1547 2090 1581 2110 ut
1607 2082 1686 2109 inter

292 2125 434 2161 serpentis
453 2124 548 2151 flexus
564 2124 596 2149 in
614 2124 679 2161 ipsa
696 2132 789 2151 statua
807 2123 932 2150 Zodiaci
950 2123 1033 2160 signa
1051 2123 1145 2150 efficta
1163 2124 1231 2155 sint,
1251 2123 1301 2151 ille
1323 2124 1418 2161 igitur
1439 2135 1493 2164 per
1510 2125 1587 2154 haec.
1601 2127 1687 2165 quasi

288 2177 369 2207 repat
385 2169 418 2196 in
436 2168 536 2200 altum.
552 2168 588 2198 cf.
603 2168 714 2198 Montf.
733 2171 768 2198 T.
788 2171 810 2199 1.
824 2170 895 2198 Tab.
914 2176 978 2203 215:
