1973 2714
941 256 982 290 εει

301 352 395 395 Quae
413 347 774 392 deincepssequnntur
787 348 1027 390 generationes,
1051 347 1092 377 ad
1108 347 1167 377 has
1184 346 1410 389 perficiendas,
1432 348 1533 377 Terra
1547 337 1714 381 connubii}

213 411 277 441 init
294 418 372 438 cum
397 406 523 440 Urano,
546 411 652 435 mater
673 404 785 445 itaque
808 412 886 432 cum
910 401 999 432 filio:
1024 401 1057 432 id
1073 401 1165 443 quod
1180 412 1238 443 per
1254 409 1360 432 totam
1383 405 1636 445 cosmogoniam
1660 406 1715 436 ha-

214 464 272 493 bet
287 463 411 495 locum,
434 460 528 489 velut
544 457 684 487 fratrum
703 465 829 485 amores
855 465 933 484 cum
957 455 1137 490 sororibus,
1160 462 1293 495 patrum
1317 465 1395 484 cum
1422 454 1561 491 filiabus,
1580 464 1614 486 et
1635 457 1728 492 desim

214 515 349 547 derante
366 524 423 545 eos
445 522 536 543 nexu
558 519 591 542 et
605 510 697 544 serie,
722 519 786 550 qua
806 508 1007 549 sequebatur
1022 517 1091 538 una
1115 515 1250 538 naturae
1265 509 1366 549 partis
1383 509 1554 550 generatio
1570 510 1716 547 alteram,

214 577 249 600 et
274 569 474 599 admittente
497 568 567 604 ejus
589 564 747 604 temporis
770 572 868 592 sensu
891 561 1020 591 morali.
1088 561 1200 591 Homo
1227 562 1317 591 enim
1342 569 1488 596 naturae,
1520 561 1717 594 calidiomm

213 623 361 654 maxime
382 622 564 654 climatum,
587 627 655 648 non
677 617 837 646 retinetur
860 614 995 645 horrore
1018 614 1159 644 natm-ali
1183 625 1200 645 a
1217 615 1337 645 talibus
1357 597 1534 645 connubiis
1551 622 1584 645 et
1599 600 1731 646 amori--

215 677 291 711 bus,
315 676 409 716 atqui
424 683 493 715 quo
507 675 575 712 ipse
595 678 643 700 est
660 671 784 703 animo,
808 669 902 698 bono
918 669 988 697 sive
1005 665 1105 702 malo,
1130 678 1169 697 eo
1185 678 1314 709 semper
1335 675 1368 698 et
1394 668 1441 697 dii
1463 676 1551 703 sunt,
1574 668 1656 698 adeo
1679 675 1719 698 ut

217 739 336 761 eorum
362 735 552 768 tempomm
576 723 754 765 theologia,
779 721 903 765 quibusv
923 721 1073 751 moribus
1099 719 1224 751 fuerint
1247 721 1409 756 homines,
1433 721 1579 752 'edocere
1604 723 1718 763 possit.

216 786 307 825 Ergo
333 784 433 824 longe
453 787 529 809 ante
553 778 853 819 philosophematis
876 783 1007 815 tempus
1032 777 1065 804 in
1089 776 1215 814 mythis
1237 776 1407 816 religionis
1431 776 1577 817 vulgaris
1594 777 1720 817 Jupiter

218 836 325 868 fuerat
340 834 478 865 maritus
497 841 650 863 sororum
666 830 806 860 lunonis
837 835 870 859 et
885 827 1022 863 Cereris,
1046 827 1134 879 Maors
1155 828 1325 870 amplexus
1349 835 1418 859 era-t
1437 828 1655 870 Aphroditen‚
1680 837 1721 858 ex

219 893 296 920 Jove
307 884 426 918 ‘nata'm
441 894 481 915 ut
495 887 564 926 ipse
577 892 640 914 etc.
686 885 790 913 Recte
806 890 928 917 tamen,
950 882 1087 921 mythos
1106 882 1168 912 hos
1198 884 1454 924 cosmogonicos
1472 884 1722 924 antiquissimos

219 953 288 974 esse
304 941 436 975 debere,
457 938 535 969 iude
559 937 687 979 colligit
704 936 868 976 Heynius.

303 1050 371 1079 Illis
388 1056 470 1078 vero
496 1044 767 1088 generationibus
794 1053 811 1073 e
831 1043 932 1074 Terra
958 1049 991 1072 et
1008 1041 1111 1073 Coelo
1138 1048 1206 1072 tam
1232 1041 1267 1072 in
1282 1050 1364 1073 terra
1381 1053 1481 1084 quam
1497 1053 1596 1084 super
1611 1052 1647 1072 ea
1663 1051 1721 1073 no—

220 1114 281 1134 vae
299 1111 332 1133 et
349 1101 549 1132 excoluntur
564 1106 597 1129 et
612 1096 830 1140 proferuntur
845 1103 982 1126 naturae
997 1102 1105 1137 partes
1120 1102 1153 1125 et
1168 1105 1314 1137 corpora.
1360 1096 1500 1131 Deinde,
1524 1095 1616 1137 quod
1631 1104 1725 1125 nunc

223 1159 260 1188 in
274 1158 472 1187 universum
490 1151 632 1183 notandi
650 1152 744 1181 locus
762 1157 821 1185 est,
845 1150 1047 1191 antiquiores
1066 1148 1201 1190 quidam
1217 1149 1273 1183 dii,
1296 1150 1355 1190 qui
1372 1156 1461 1179 extra
1476 1149 1564 1179 Jovis
1579 1149 1725 1188 systema

224 1217 327 1245 erant,
352 1210 421 1240 sive
438 1208 504 1238 sint
523 1206 605 1236 culti
620 1206 690 1236 sive
710 1204 836 1244 mythis
862 1210 994 1233 tantum
1013 1202 1186 1244 divulgati,
1211 1203 1394 1235 intermixti
1409 1203 1629 1233 inveniuntur
1651 1201 1724 1232 dae·

222 1263 391 1296 monibus,
416 1262 473 1302 qui
492 1261 646 1290 notiones
672 1258 824 1298 physicas
848 1257 1140 1297 complectuntur:
1174 1257 1393 1286 intermisceri
1423 1264 1535 1287 autem
1558 1256 1725 1286 debebant

222 1316 387 1358 prioribus
405 1314 457 1344 his
481 1311 763 1355 generationibus,
800 1311 877 1351 quia
899 1309 1094 1351 praecedere
1117 1307 1285 1339 debebant
1306 1310 1406 1344 Jovis,
1450 1309 1542 1352 quod
1568 1309 1725 1350 deinceps

222 1371 380 1412 sequitur,
406 1374 559 1407 systema,
583 1375 661 1395 cum
676 1365 731 1393 vel
749 1365 950 1404 antiquiores
964 1363 1019 1392 vel
1033 1370 1185 1403 parentes
1209 1363 1358 1393 valerent
1385 1363 1526 1393 deorum
1552 1363 1725 1398 cultorum,

221 1424 257 1453 id
274 1421 365 1463 quod
380 1423 414 1449 in
430 1420 580 1449 Cronum
596 1417 683 1447 cadit
698 1424 731 1445 et
749 1417 890 1445 Rheam.
935 1416 983 1445 Ita
999 1422 1096 1444 natus
1117 1422 1165 1444 est
1180 1425 1339 1447 numerus
1362 1417 1517 1445 Titanum
1538 1424 1571 1445 et
1599 1412 1727 1445 Titani-

227 1476 314 1507 dum,
354 1483 409 1503 sex
445 1471 584 1500 fratrum
616 1468 825 1508 totidemque
850 1477 1011 1501 sororum,
1058 1467 1198 1502 Oceani,
1238 1467 1330 1502 Coei,
1384 1468 1478 1504 Crii„
1511 1469 1729 1508 Hyperionis,

226 1527 343 1567 ‚Iapeti
368 1532 401 1555 et
425 1523 538 1557 Croni,
567 1529 666 1563 atque
697 1521 825 1554 ΤΙιείαε,
860 1519 999 1553 Rheiae,
1037 1519 1211 1554 lecrrzc'rzis,
1242 1520 1484 1561 BIrzemosynes,
1524 1521 1673 1552 Phoebes
1694 1529 1728 1553 et

231 1582 262 1612 T
258 1579 400 1621 ltetydi5‚
414 1577 544 1622 ‘partim
568 1582 704 1605 naturae
729 1574 943 1608 daemonum,
966 1573 1085 1613 partim
1109 1572 1262 1603 deorum.

309 1688 462 1719 Primum
486 1684 623 1715 Oceano
635 1689 715 1712 nato
735 1687 828 1710 terra
842 1681 981 1711 sortitur
996 1679 1151 1716 fluvium.
1174 1682 1232 1723 qni
1246 1680 1471 1725 undequaque
1485 1690 1650 1726 *terrarum
1678 1693 1727 1714 or-

223 1745 301 1773 bem
316 1743 350 1771 in
365 1740 519 1770 extremis
535 1739 666 1779 cingere
691 1737 755 1765 oris
772 1734 976 1768 credebatur,
1000 1735 1167 1774 aptissime
1189 1735 1349 1766 hactenus
1364 1737 1464 1767 Urani
1485 1736 1603 1772 filium,
1635 1736 1729 1778 quod

224 1796 365 1828 Coelum
390 1795 424 1824 in
447 1801 549 1823 terrae
573 1791 653 1821 {ines
676 1788 857 1819 demissum
881 1786 1104 1830 undequaque
1127 1798 1200 1819 eam
1227 1795 1361 1832 tangere
1392 1790 1626 1831 opinabantur.
1689 1790 1727 1819 In

233 1849 337 1880 Coelo
361 1854 473 1877 autem
496 1844 607 1886 prodit
633 1842 818 1882 Ilyperion,
857 1841 971 1870 lumen
995 1843 1153 1881 primum,
1192 1842 1284 1884 quod
1307 1843 1406 1874 dabat
1430 1843 1583 1873 calorem.
1629 1843 1733 1873 Haud·

226 1903 328 1933 dubie
352 1901 442 1931 enim
464 1901 491 1929 is
515 1899 577 1928 hac
599 1898 634 1928 in
659 1895 876 1936 cosmogonia
902 1901 950 1924 est
975 1895 1115 1936 igneum
1139 1905 1269 1936 corpus,
1294 1895 1385 1937 qnod
1398 1895 1601 1937 indigestum
1618 1895 1728 1926 adhuc

224 1955 373 1985 necdum
386 1953 572 1982 resolutum
588 1952 621 1979 in
639 1956 756 1990 partes,
777 1948 901 1980 Solem,
920 1942 1049 1976 Limam
1065 1948 1266 1977 etAuroram
1276 1947 1378 1989 (qnae
1394 1950 1482 1977 enim
1498 1959 1575 1979 mox
1587 1950 1728 1991 gignun-

224 2017 281 2039 tm.
303 2008 344 2038 ab
370 2007 457 2046 1110),
480 2005 572 2039 rude,
602 2011 640 2033 nt
664 2010 723 2037 est,
747 2002 886 2042 assurgit
910 2001 945 2029 in
971 2000 1085 2035 Coelo,
1108 2000 1186 2030 inde
1203 2011 1219 2030 a
1238 2007 1329 2030 terra
1344 2012 1474 2032 sursum
1491 2003 1666 2038 elevatum,
1689 2010 1728 2033 ut

225 2063 300 2092 Sol:
325 2071 424 2102 quare
441 2067 543 2089 terrae
559 2059 644 2087 filius
665 2056 732 2085 dici
756 2061 896 2095 poterat,
920 2061 958 2082 ut
974 2054 1031 2083 Sol
1046 2054 1205 2084 Hercules
1223 2056 1256 2083 in
1275 2054 1437 2095 Orphicis.
1480 2057 1586 2086 Simili
1601 2058 1728 2086 ratione

234 2115 342 2160 Coeus
359 2112 576 2143 frana-massa
593 2110 726 2140 videtur
752 2110 859 2151 ignea,
883 2108 1073 2136 universum
1101 2106 1271 2137 aelim-mn
1296 2104 1466 2139 materiem
1491 2110 1728 2151 complectens,

227 2165 309 2209 quae
322 2175 446 2208 postea,
469 2167 600 2206 longius
616 2172 731 2194 natura
755 2161 958 2203 procedente
981 2168 1014 2190 et
1041 2170 1199 2202 pergente
1222 2164 1257 2191 in
1283 2164 1421 2204 singulis
1447 2165 1514 2194 suis
1538 2163 1728 2193 excolendis

1631 2216 1726 2255 parti-
