1973 2714
963 245 1003 288 61

239 347 315 389 gine
337 345 484 376 nominis
507 344 686 376 Andantri.
731 343 817 376 Nam
840 342 875 374 id
907 341 1043 385 quidem
1075 343 1379 380 conjecturamium
1410 347 1645 372 commentum
1675 343 1736 371 est,

236 400 356 431 urbem
372 401 416 430 ita
440 399 637 440 appellatam
661 407 741 433 esse,
764 396 856 440 quod
879 396 1036 436 Pelasgis
1059 394 1134 425 data
1158 395 1200 425 sit
1228 394 1325 435 λύτρον
1348 405 1407 437 pro
1427 395 1574 426 Ascanio
1600 393 1734 433 captivo

198 452 207 455 ’
235 450 312 489 (ἐπὶ
332 450 386 480 ἑγὼ·
407 449 524 491 οἷνδμὶς),
552 451 610 482 sed
637 449 844 492 ipsam'‘rem
874 450 1016 479 maxima
1048 455 1140 489 parte
1164 447 1256 477 dedit
1278 448 1432 478 historia:
1462 449 1618 489 Pelasgos
1641 445 1734 474 enim

236 493 444 537 Antandrum
474 504 653 536 incoluisse
682 510 804 535 notum
834 512 872 533 ex
903 502 1065 533 Strabone
1096 507 1130 530 et
1153 499 1339 535 Herodoto,
1367 502 1455 531 sicut
1478 501 1610 531 Ascanii
1632 497 1730 527 ditio-

235 568 314 588 nem
342 559 377 587 in
406 556 522 587 eadem
552 556 653 588 fuisse
679 558 825 599 regione,
856 556 918 586 sub
947 554 1004 585 Ida
1034 556 1069 584 in
1095 553 1322 593 Dascalytide‚
1346 563 1385 583 ex
1408 554 1549 593 Dionys.
1572 552 1678 581 Halic.
1700 556 1733 579 et

235 612 316 642 aliis.
361 610 518 642 Similiter
539 611 621 642 alter
670 609 928 652 'storiographus
952 615 1009 640 aut
1032 608 1278 639 Grammaticus
1302 617 1382 638 usus
1407 614 1457 637 est
1478 613 1559 637 nota
1582 604 1622 634 de
1638 603 1733 633 Grae-

235 674 352 695 corum
382 674 493 706 pugna
525 674 604 695 cum
614 611 803 721 ᾢέὶὶγεὶοιυ
831 663 1029 698 narratione,
1073 669 1174 704 atque
1202 661 1323 691 urbem
1346 660 1546 702 appellatam
1576 656 1735 700 prodidit,

234 717 327 761 quod
349 717 423 748 data
447 717 578 748 Graecis
601 718 643 748 sit
669 727 687 747 a
709 716 841 747 Priamo
863 725 924 757 pro
947 723 1045 757 capto
1069 714 1148 750 filio,
1178 714 1276 754 (adeo
1297 716 1422 745 iterum
1444 711 1512 742 ἀντὶ
1531 710 1652 752 ἇνδρός.)

319 824 441 856 Nonne
463 825 564 855 etiam
585 823 682 854 valde
705 823 861 854 credibile
882 830 942 858 est,
970 823 1112 853 advenas
1136 821 1271 865 quidem
1299 821 1477 857 Cadmeos,
1505 827 1548 851 ut
1577 817 1732 860 pluribus

232 876 394 908 Boeotiae
417 877 511 912 lo‘cis,
532 877 576 906 ita
597 882 631 906 et
650 876 686 905 in
708 876 791 905 urbe
814 875 1005 915 Mycalesso
1030 868 1331 910 olim'consedissa
1353 874 1411 904 sed
1433 874 1663 904 narrationem
1687 877 1733 900 ta—

233 939 313 960 men
344 928 386 959 de
415 937 529 964 vacca,
558 937 659 969 quam
689 934 823 959 secutus
852 929 894 959 sit
924 927 1079 964 Cadmus,
1109 928 1243 958 oraculo
1266 929 1384 967 jussus,
1416 934 1455 958 ut
1476 928 1537 958 ubi
1559 925 1733 967 mugitum

232 984 287 1018 sit,
313 980 509 1016 consideret,
533 987 639 1011 totam
661 990 679 1010 e
700 982 839 1011 nomine
859 981 950 1012 urbis
974 974 1097 1020 (μνκᾷν)
1118 990 1187 1011 esse
1207 981 1373 1022 petitam?
1400 980 1488 1011 Nam
1510 979 1599 1010 facta
1624 985 1659 1009 et
1680 987 1732 1008 res

206 1077 208 1080 ι
233 1027 340 1079 gestas
362 1045 401 1065 ex
422 1034 617 1065 nominibus
638 1030 820 1077 fingebant,
841 1042 880 1065 ut
901 1035 983 1065 haec
1005 1042 1142 1076 possent
1164 1033 1310 1065 derivare
1333 1044 1371 1064 ex
1396 1034 1477 1070 illi-i,-
1502 1035 1535 1074 a)
1557 1033 1638 1064 Non
1670 1030 1731 1061 du-

232 1090 389 1120 bitaveris
411 1089 539 1123 saltem,
563 1087 604 1118 de
627 1088 761 1118 oraculi-
773 1086 1036 1118 Branchidarum
1067 1088 1249 1119 conditoris
1280 1096 1386 1119 matre
1415 1098 1500 1130 quae
1528 1086 1732 1129 produntur,

233 1152 307 1172 eam
326 1150 447 1181 nempe
470 1149 548 1170 cum
568 1139 702 1181 gravida
725 1138 835 1175 fuerit,
856 1139 980 1170 vidisse
1001 1140 1114 1171 Solem
1132 1139 1290 1171 'faucibus
1312 1142 1493 1171 intrantem
1515 1147 1611 1170 utero
1638 1144 1732 1181 egre·

233 1194 277 1229 di,
300 1195 431 1224 merum
453 1191 556 1235 idque
576 1194 728 1232 jejunum
750 1203 820 1224 esse
844 1200 1077 1224 commentum
1097 1204 1136 1225 ex
1158 1196 1297 1225 nomine
1319 1182 1481 1229 Branchi,
1503 1192 1597 1236 quod
1616 1191 1731 1222 fauce·

233 1246 407 1289 significat.
451 1245 510 1276 Sol
530 1252 642 1276 autem
665 1253 806 1277 vocatus
828 1253 878 1277 est
906 1247 942 1277 in
971 1257 1044 1277 eam
1073 1248 1307 1283 narrationem,
1330 1247 1423 1289 quod
1445 1249 1520 1278 erat
1535 1246 1628 1277 idem
1650 1254 1732 1275 cum

233 1300 398 1342 Apolline,
422 1300 517 1338 cujus
548 1306 582 1330 et
612 1299 763 1330 Amasius
788 1300 829 1330 'et
850 1299 975 1330 oraculi
997 1300 1132 1331 antistes
1153 1298 1219 1331 fuit
1239 1300 1424 1332 Branchus.
1469 1300 1514 1330 Et
1536 1297 1620 1342 quid
1639 1297 1733 1330 aliud

233 1355 382 1386 Martem
405 1351 485 1383 fecit
505 1359 634 1394 patrem
659 1352 798 1383 Romuli
818 1362 919 1395 quam
941 1353 1044 1393 ipsius
1066 1350 1213 1384 n‘ominis
1236 1353 1398 1385 derivatio
1421 1364 1438 1384 a
1458 1353 1538 1395 ρὄη
1560 1352 1623 1393 by?
1652 1352 1732 1383 Por-

229 1418 268 1439 ro
290 1406 379 1449 apud
399 1405 537 1437 Lindios
557 1416 685 1449 nornen
706 1416 778 1436 arae
807 1404 954 1444 βονξυγόν,
985 1406 1021 1436 in
1046 1416 1112 1448 qua
1127 1406 1266 1437 Herculi
1283 1406 1515 1438 sacrificabant
1537 1406 1607 1437 duo
1627 1406 1732 1437 boves

232 1467 312 1493 eum
336 1458 628 1495 exsecrationibus,
651 1469 749 1490 causa
771 1457 848 1506 fuit,
867 1466 908 1500 ut
927 1459 997 1489 huc
1016 1466 1179 1490 vocarent
1200 1456 1349 1491 fabulam
1368 1459 1410 1491 de
1424 1460 1570 1497 Hercule
1585 1459 1732 1491 duorum

229 1515 341 1546 boum
363 1519 505 1554 raptore,
528 1522 614 1554 quae
635 1512 677 1543 ad
699 1513 852 1554 Dryopes
880 1513 1079 1555 pertinebat.
1146 1512 1217 1544 Nec
1247 1524 1318 1545 non
1345 1515 1488 1555 mythus
1515 1514 1558 1545 de
1588 1515 1731 1546 homini·

232 1569 295 1598 bus
325 1577 343 1596 e
364 1566 510 1605 Pyrrhae
531 1566 697 1605 lapidibus
728 1568 814 1596 natis
841 1573 933 1596 ortus
963 1573 1014 1596 est
1041 1576 1081 1596 ex
1111 1567 1334 1597 similitudine
1353 1577 1480 1598 vocum
1502 1568 1559 1596 λές
1588 1575 1622 1597 et
1650 1567 1730 1603 λἰδε,

230 1621 297 1659 jam
324 1623 463 1647 notante
493 1617 637 1655 Heynio,
667 1616 726 1646 sed
751 1617 971 1657 praecedente
998 1616 1110 1647 forsan
1138 1620 1337 1659 antiquiore,
1367 1620 1425 1660 qui
1447 1619 1626 1650 Thessalos
1648 1618 1732 1650 αὖτί-

230 1672 348 1710 xmus,
369 1679 408 1701 ex
429 1670 499 1710 ipsa
522 1676 606 1699 terra
634 1670 705 1700 sive
732 1668 898 1711 lapidibus
918 1669 1109 1701 Thessaliae
1128 1670 1236 1713 (quae
1262 1671 1402 1713 antiquo
1430 1673 1572 1703 nomine
1594 1673 1732 1714 Pyrrha

231 1731 350 1756 vocata
379 1730 429 1754 est
457 1722 570 1753 Schol.
604 1721 646 1753 ad
674 1722 838 1764 Apollon:
852 1723 891 1753 11.
920 1728 1001 1763 1⁰89
1024 1733 1062 1754 ex
1085 1723 1218 1754 Rhiano
1240 1732 1275 1755 et
1296 1724 1404 1756 Strab.
1426 1725 1482 1756 IX.
1504 1726 1596 1766 676.)
1620 1729 1731 1758 oriun-

230 1777 294 1810 dos
323 1776 424 1808 fuisse
454 1774 642 1807 tradiderat.
686 1775 771 1806 Item
800 1776 868 1807 hoc
895 1777 975 1808 satis
997 1783 1140 1814 constat,
1167 1779 1396 1810 narrationem
1418 1778 1461 1811 de
1481 1780 1628 1812 navibus
1648 1781 1731 1813 Tro-

1250 1842 1289 1873 ..
1642 1836 1735 1874 jano-

300 1931 330 1966 ι)
346 1928 537 1959 Narrationis
556 1937 657 1958 auctor
671 1936 870 1958 commentum
888 1929 1118 1959 accommodasse
1135 1930 1257 1960 videtur
1270 1931 1307 1960 ad
1324 1939 1430 1960 notum
1447 1926 1574 1961 definea
1582 1932 1733 1970 mytbum,

337 1983 398 2012 quo
414 1974 466 2002 ille
484 1984 568 2002 suem
587 1975 672 2013 sequi
686 1975 790 2013 ibique
803 1976 924 2010 jubetur
941 1976 1104 2006 considere,
1122 1976 1177 2003 ubi
1195 1986 1246 2003 sus
1259 1977 1392 2014 paritura
1412 1978 1461 2005 sit,

299 2061 335 2099 b)
353 2063 430 2090 Nam
449 2071 465 2089 a
482 2062 597 2090 Graecia
617 2062 812 2101 scriptoribus
828 2066 953 2101 Magnae
970 2063 1113 2097 Graeciae,
1133 2074 1207 2103 quos
1225 2065 1369 2093 Romanis
1385 2064 1637 2104 historiographis
1651 2078 1735 2113 prae-

334 2106 438 2144 eipuos
461 2105 554 2134 fuisse
579 2115 711 2135 auctores
733 2117 823 2146 super
848 2109 936 2137 rebus
961 2108 1070 2137 Italicis
1095 2117 1220 2140 constat,
1236 2110 1376 2146 mythum
1404 2120 1473 2138 eum
1498 2111 1664 2140 conditum
1674 2123 1737 2141 esse
1769 2107 1777 2114 ’

333 2149 472 2180 credibile
486 2158 537 2180 est.
