1973 2714
994 241 1038 280 57

261 335 418 366 vidimus.
463 332 593 365 Deinde
608 332 738 364 Phanes
755 332 789 362 in
805 332 857 362 illa
874 331 1030 373 producit
1045 331 1185 362 coelum
1210 340 1243 362 et
1257 332 1405 366 Terram,
1438 332 1665 371 disjunctione
1681 330 1765 361 facta

261 390 503 420 elementorum
516 397 548 428 p.
580 391 648 425 ¹45·
672 393 730 416 aut
751 385 870 416 mediis
891 385 1093 419 Substantia,
1118 385 1226 418 Motu.
1250 386 1429 416 Prudentia
1452 393 1484 415 et
1508 385 1611 416 Coitu
1635 396 1667 426 p.
1691 390 1762 423 ¹4⁰·

262 444 320 485 qui
342 452 381 472 ex
405 442 630 471 recentiorum
651 439 862 481 philosophia
884 438 1031 469 desumti
1053 438 1127 476 (ubi
1149 445 1230 468 sunt
1255 438 1340 472 οὖτίκ,
1356 442 1483 477 animm,
1512 440 1568 467 νοῦς
1594 447 1628 469 et
1653 441 1761 476 φιλία)

261 503 295 528 et
316 495 464 537 personis
486 492 598 523 induti
619 499 699 524 sunt
722 492 764 523 ab
788 486 948 533 Orphico,
978 498 1012 522 et
1033 491 1125 522 idem
1148 493 1333 522 enunciant
1355 501 1394 522 ac
1421 493 1665 522 elementorum
1697 492 1763 534 dis-⁴

259 550 399 589 junctio.
445 546 522 577 Non
551 547 612 577 alia
640 546 716 576 vult
736 546 977 587 Afflenagorea,
1007 545 1143 588 quando
1172 545 1250 589 Sole
1279 552 1360 575 nato
1384 544 1528 575 coelum
1560 553 1594 576 ct
1621 546 1764 576 Terram

260 611 300 633 ex
323 610 389 631 ovo
410 598 569 642 prodiisse
598 600 704 640 ponit.
732 598 801 629 vid.
823 608 931 639 supra.
954 615 997 621 --
1020 598 1130 629 Chaos
1155 597 1301 640 denique
1332 597 1506 629 infinitum
1537 605 1588 628 cst
1615 599 1760 638 philoso-

259 654 404 695 phorum
426 650 530 693 ἄκυρον
546 659 579 683 et
600 659 763 694 quatenus
794 652 1017 696 commixtum
1049 651 1171 682 dicitur
1197 662 1237 681 ex
1260 652 1414 687 humore,
1442 652 1603 687 siccitate,
1632 649 1760 693 frigidis

258 714 292 738 ct
306 706 438 742 calidis,
459 706 599 737 debetur
622 704 833 746 Empedocli,
856 715 958 747 quem
982 712 1117 736 secutus
1139 707 1240 736 etiam
1264 704 1409 737 Ovidius
1441 712 1500 736 est.

341 813 437 855 Quae
459 812 614 854 deinceps
635 813 786 854 sequitur
806 811 948 843 deorum
971 813 1141 854 generatio
1159 810 1239 842 inde
1259 811 1301 841 ab
1325 812 1436 843 Urano
1452 819 1486 842 et
1501 812 1604 843 Terra
1621 823 1654 854 p.
1674 817 1758 852 140..

255 860 431 901 incertum,
453 873 570 897 utrum
591 865 736 906 tribuere
765 866 910 896 voluerit
938 864 1084 907 Orpheo,
1121 875 1163 896 an
1185 864 1343 900 Hesiodo,
1374 875 1417 896 an
1439 867 1585 908 utrique,
1610 876 1690 897 cum
1715 866 1758 898 de

256 919 511 962 sapientioribus
541 920 577 949 in
598 919 794 948 universum
816 917 952 949 disserat
971 920 1079 960 priore
1101 928 1142 949 eo
1164 919 1249 949 loco.
1294 919 1417 961 Utique
1437 929 1495 951 eae
1518 918 1652 952 fabulae
1675 928 1758 952 sunt

255 971 450 1005 Hesiodea&
479 970 538 1001 sed
560 971 828 1011 corruptissime
856 980 912 1001 eae
942 978 976 1001 et
1006 972 1201 1006 vitiosiores,
1231 981 1333 1013 quam
1354 972 1410 1002 alii
1432 972 1566 1004 easdem
1595 974 1755 1006 exhibue-

254 1032 333 1058 runt
356 1023 505 1067 Qrphici.
571 1022 694 1055 Altero¹
712 1032 793 1055 vero
823 1024 900 1055 loco
928 1034 960 1066 p.
992 1027 1077 1064 145·
1093 1026 1253 1067 expressis
1290 1025 1401 1057 verbis
1438 1025 1601 1066 disjunxit
1624 1035 1758 1060 auctor

196 1089 200 1092 “
254 1078 506 1119 cosmogoniam
530 1075 655 1118 Orphei
676 1087 696 1107 a
718 1077 943 1119 Theogonicis
966 1078 1115 1113 Hesiodi.
1147 1088 1231 1119 quae
1261 1080 1398 1114 initium
1426 1082 1565 1121 capiunt
1584 1081 1627 1111 ab
1650 1082 1755 1114 Urani

255 1131 481 1177 generatione..

691 1484 872 1523 cosmo
883 1496 943 1537 go
955 1485 1038 1523 nia
1116 1493 1305 1536 quarta.

333 1598 428 1646 Quae
449 1606 500 1629 est
518 1592 609 1641 apud
633 1598 823 1630 Cedrenum
848 1600 1010 1632 historiar.
1034 1601 1218 1644 compend:
1241 1612 1273 1643 p.
1300 1601 1355 1640 46.
1386 1602 1438 1633 ed.
1468 1602 1567 1635 Basil.
1590 1604 1747 1638 Malalam

416 1652 667 1693 Chronograph.
690 1652 742 1683 1v.
766 1663 799 1693 p.
823 1661 874 1692 29.
896 1653 947 1684 ed.
971 1654 1086 1684 Venet.
1110 1662 1143 1685 et
1163 1654 1301 1684 suidam
1325 1665 1400 1686 voc.
1444 1655 1575 1697 Ὀρφώς,
1598 1670 1747 1701 quorum

414 1705 541 1747 primus
564 1711 703 1747 uterque
727 1712 899 1736 auctorem
923 1706 1128 1738 Timotheum
1151 1706 1457 1748 Chronographum
1480 1713 1669 1749 nominant,
1691 1714 1747 1745 ad-

415 1757 486 1788 dito
515 1764 549 1788 et
577 1757 676 1796 hujus
703 1756 809 1794 fonte,
824 1758 922 1794 ,libro
951 1760 1079 1791 scilicet
1107 1759 1430 1803 Orphie02·3107m'a
1456 1765 1508 1794 nai
1532 1765 1637 1804 κόσμον
1658 1769 1748 1798 κτίσις

414 1810 463 1840 καὶ
481 1808 622 1851 old-eninm
644 1813 843 1851 nmrovpya'oe.

332 1917 495 1953 „Mundo
518 1927 630 1948 rerum
650 1897 840 1960 primordiis
862 1919 958 1951 datus
981 1927 1030 1951 est
1053 1921 1177 1956 aether,
1207 1932 1225 1952 a
1248 1921 1312 1952 deo
1344 1931 1483 1956 creatus.
1528 1926 1580 1957 Ab
1600 1934 1744 1971 utraque

248 1963 383 2004 Ktheris
408 1977 499 2012 parte
522 1970 665 2009 (ἐντεῦθεν
686 1970 814 2008 ainwa
835 1973 885 2002 τοῦ
906 1974 1025 2015 αἰθέρος)
1070 1974 1179 2006 Chaos
1209 1983 1278 2006 erat
1300 1984 1333 2007 et
1355 1977 1496 2009 obscura
1518 1990 1586 2011 nox
1609 1982 1745 2024 tegebat

250 2026 372 2060 omnia,
400 2034 484 2066 quae
514 2024 577 2055 sub
603 2024 728 2056 Athere
758 2033 861 2057 erant.
906 2027 984 2070 Quo
1007 2028 1125 2060 Noctis
1155 2037 1357 2062 vetustatem
1379 2032 1527 2064 indicare
1546 2035 1660 2066 voluit
1684 2035 1745 2066 Οι·-

245 2079 362 2121 pheus.
405 2076 539 2108 inducit
566 2087 665 2119 porro
697 2077 789 2109 idem
817 2087 856 2110 ut
885 2092 1043 2112 summum
1075 2090 1107 2113 et
1135 2083 1287 2123 primum,
1320 2085 1412 2126 quod
1440 2093 1548 2118 mente
1576 2090 1656 2134 capi
1678 2101 1746 2122 non

245 2132 366 2174 possit,
391 2132 543 2161 omnium
567 2137 760 2169 creatorem,
789 2134 931 2168 aetheris
954 2143 989 2169 et
1011 2147 1094 2179 quae
1115 2138 1178 2169 sub
1199 2139 1331 2170 aethere
1353 2148 1456 2172 erant.
1509 2142 1612 2175 Terra
1633 2144 1745 2176 adhuc

278 2197 381 2223 Kanne
400 2191 532 2220 analecta.
1219 2191 1253 2223 H
1639 2200 1746 2240 sepul·
