1973 2714
978 222 1024 261 66

332 321 398 353 Sed
420 327 525 355 autea,
554 326 632 361 post
661 325 757 349 natos
780 318 917 348 Titanes
940 323 973 347 et
998 316 1181 363 Titanides,
1200 317 1318 346 -Terra
1341 318 1465 347 iterum
1489 317 1668 359 amplexus
1695 319 1758 350 init

247 386 326 407 cum
348 375 476 410 Urano,
495 382 627 416 tresque
643 374 728 414 parit
743 371 829 402 filios
855 370 1029 412 Cyclopes,
1063 373 1186 410 Argen,
1215 370 1379 411 Steropen
1408 378 1442 402 et
1475 372 1638 402 Bronten.
1683 372 1754 403 Iam

247 428 329 471 quid
346 429 397 459 his
413 428 558 459 voluerit
572 434 682 469 poeta,
705 424 802 456 facile
817 426 987 465 suspicatu
1001 423 1145 454 videtur.
1193 423 1324 466 Nempe
1341 423 1435 466 quod
1451 425 1576 467 ubique
1591 425 1759 456 observari

246 491 367 524 potest,
390 489 544 512 naturam
557 487 750 511 nascentem
766 478 808 510 ad
822 489 977 509 normam
993 477 1099 520 redigi
1117 484 1240 514 natae,
1252 478 1366 509 Solem
1381 488 1414 509 v.
1424 488 1464 512 c.‚
1480 478 1609 513 Aerem,
1627 479 1748 514 stellas,

245 538 348 567 Diem
361 536 409 566 ibi
425 542 522 565 natos
548 533 624 569 dici,
647 533 707 563 ubi
729 532 984 575 quotidietoriri
1006 538 1039 562 et
1065 532 1156 563 unde
1178 533 1586 573 venire-conspiciuntur,
1609 532 1699 563 idem
1724 540 1757 563 et

247 591 303 620 hic
325 590 440 619 locum
464 588 585 617 habere
609 588 767 627 oportuit.
821 586 937 627 Itaque
960 585 1096 615 Terram
1122 595 1193 616 non
1217 585 1347 615 dudum
1371 593 1447 616 ante
1471 586 1700 627 Hyperionem
1725 594 1758 616 et

246 643 377 674 Coeum
394 648 490 671 natos
505 640 605 670 undis
628 640 804 681 sepultam,
829 648 921 668 nunc
943 648 1024 668 vero
1049 639 1249 670 humoribus
1270 638 1391 674 adhuc,
1415 639 1545 670 nebulis
1573 646 1606 669 et
1630 642 1757 681 vapori·

247 697 309 726 bus
334 696 514 726 obtectam,
537 693 688 722 molibus
702 692 768 721 illis
788 693 895 733 igneis
918 693 999 721 ortis
1025 699 1058 721 et
1080 702 1179 733 super
1201 702 1237 722 ea
1263 691 1498 732 pendentibus,
1538 699 1754 733 tempestates

246 749 393 779 movisse
409 755 535 787 ponere
550 745 666 775 debuit
682 751 819 774 auctor:
842 753 935 774 nunc
950 745 1053 785 igitur
1068 751 1252 774 nascuntur
1269 744 1451 775 daemones
1473 745 1611 774 Tonicru
1631 752 1666 775 et
1683 744 1758 774 Ful-

246 801 435 839 minum,h)
460 798 651 840 parentibus
671 797 771 828 Terra
787 805 820 828 et
836 796 940 828 Coelo
956 798 1125 838 aptissime
1147 798 1274 838 positis,
1298 797 1357 828 sed
1373 798 1435 828 hae
1457 808 1615 839 personae
1638 800 1756 840 quoni-

246 866 301 886 am
325 854 487 885 notabant
507 859 639 882 tantum
662 858 798 881 naturae
821 851 1082 891 phaenomeuon
1107 858 1140 881 et
1152 845 1326 886 eventum,
1349 851 1441 893 quod
1455 850 1615 882 effectum
1628 858 1699 881 erat
1714 852 1755 881 ab

246 907 464 940 antecedente
492 905 697 937 daemonum
721 905 945 947 generatione,
994 903 1081 935 facta
1102 903 1240 947 quidem
1265 904 1305 935 ab
1328 904 1447 936 iisdem
1472 905 1583 937 Urano
1608 912 1641 936 et
1657 904 1754 941 Gaea,

245 963 410 1004 separavit
425 967 523 1003 poeta
540 959 704 1000 Cyclopes
727 969 744 989 a
772 959 933 989 Titanum
957 968 1109 990 numero.
1156 958 1371 1001 Quamquam
1392 960 1503 1001 igitur,
1525 959 1617 1001 quod
1639 957 1679 989 ex
1702 969 1757 990 an-

245 1015 478 1048 tecedentibus
496 1014 591 1055 sequi
605 1020 639 1043 et
651 1014 783 1043 evenire
798 1012 949 1047 debebat,
971 1012 1179 1042 denotabant
1194 1020 1331 1043 naturae
1351 1013 1619 1053 phaenomenon,
1643 1021 1755 1043 tamen

245 1071 302 1101 vel
314 1071 389 1110 ipso
399 1078 445 1098 eo
461 1073 577 1097 natura
597 1065 712 1096 futuro
729 1075 791 1095 suo
807 1066 908 1097 statui
924 1072 1112 1106 praeparata
1128 1066 1233 1106 magis
1251 1065 1482 1096 excolebatur:
1507 1067 1551 1096 ita
1568 1067 1657 1096 enim
1673 1076 1754 1098 sere-

245 1125 323 1155 nius
338 1121 466 1153 factum
481 1127 530 1150 est
546 1120 689 1154 coelum,
712 1123 766 1149 aer
779 1119 931 1160 superior
944 1125 978 1148 et
991 1116 1129 1149 inferior
1146 1129 1163 1149 a
1185 1119 1317 1149 nebulis
1344 1126 1377 1149 et
1395 1120 1574 1160 vaporibus
1595 1120 1754 1150 liberatus

247 1183 349 1218 atque
371 1181 442 1204 tota
464 1182 577 1201 rerum
597 1178 715 1201 natura
739 1171 890 1210 capacior
913 1170 1063 1200 culturae
1088 1172 1261 1200 exactior-is
1286 1170 1414 1201 reddita
1435 1178 1493 1201 est.
1546 1172 1637 1200 Tum
1661 1171 1754 1213 quod

247 1228 439 1270 Cyclopum
462 1226 582 1255 attinet
603 1231 769 1258 naturam,
805 1224 953 1252 immane
978 1222 1091 1257 robur,
1116 1224 1309 1254 tmcitatem
1336 1231 1369 1254 et
1389 1224 1594 1260 violentiam,
1632 1225 1754 1267 quibus

250 1281 342 1312 oculi
358 1277 563 1319 respondent
584 1275 721 1306 rotundi
743 1283 776 1305 et
798 1277 923 1317 magni,
946 1277 970 1315 i)
994 1287 1030 1307 ea
1056 1277 1167 1306 omnia
1192 1275 1289 1306 facile
1311 1275 1424 1307 effecit
1448 1284 1521 1306 tum
1547 1277 1697 1307 fulminis
1720 1285 1753 1307 et

247 1338 487 1374 tempestatum
509 1330 635 1364 horror,
659 1338 738 1359 cum
762 1329 906 1358 maxime
929 1329 1036 1369 prima
1061 1329 1143 1359 haec
1163 1329 1320 1360 omnibus
1337 1331 1443 1368 major
1458 1337 1644 1371 tempestas,
1668 1340 1753 1372 quae

247 1388 404 1420 universo
427 1384 500 1416 orbi
520 1390 680 1414 terrarum
700 1381 881 1414 seditiones
902 1382 1072 1413 movebat.
1119 1382 1297 1414 Caeterum
1321 1393 1357 1422 ea
1382 1385 1754 1425 tempestatisgpersoni-

1640 1435 1753 1468 ficatio

316 1524 353 1561 h)
372 1522 496 1552 Fulmen
512 1522 585 1549 duae
602 1521 713 1549 faciunt
728 1529 879 1558 peronnae,
906 1521 1037 1554 Steropes
1060 1527 1087 1546 et
1104 1521 1204 1557 Arges,
1225 1521 1278 1557 qui
1306 1520 1398 1558 vulgo
1425 1520 1521 1548 solum
1550 1528 1593 1550 est
1618 1520 1754 1549 fulminis

352 1568 515 1607 epitheton,
533 1568 677 1595 candentis
695 1565 827 1593 notione.
856 1567 966 1592 Iterum
988 1565 1082 1601 igitur
1100 1564 1167 1592 haee
1181 1573 1282 1592 monet
1298 1565 1528 1603 personificatio,
1550 1565 1669 1592 eandem
1687 1576 1749 1593 rem

352 1613 464 1642 duabus
481 1611 531 1639 vel
545 1611 682 1649 plui-ibus
701 1620 763 1638 esse
781 1610 917 1647 personis
936 1610 1120 1637 cumulatam.
1158 1611 1313 1638 Caeterum
1332 1619 1359 1638 et
1377 1610 1436 1647 hoc.
1450 1609 1589 1637 credibile
1613 1618 1666 1641 est,
1686 1610 1755 1638 Ful-

351 1658 469 1685 minum
491 1664 519 1683 et
541 1656 671 1683 Tonitru
696 1654 928 1692 prosopopoeiae
956 1653 1121 1692 Cyclopum
1146 1656 1269 1682 nomine
1300 1656 1358 1689 jam
1394 1663 1459 1681 ante
1490 1654 1753 1692 philosopliematis

354 1710 507 1731 auctorem
531 1701 564 1727 in
590 1700 704 1737 mythis
727 1699 875 1737 evulgatas
896 1694 1000 1730 inisse,
1014 1699 1165 1727 nimii-nm
1190 1700 1258 1728 illos
1275 1708 1307 1727 ut
1325 1700 1480 1727 ministros
1495 1700 1568 1730 Jovi
1584 1700 1697 1728 fulmen
1713 1700 1755 1728 fa-

352 1748 518 1775 bricantem
549 1755 601 1772 nec
626 1746 692 1773 vioe
715 1755 799 1772 versa
822 1755 837 1771 e
856 1744 1109 1781 philosophemate
1136 1746 1288 1773 transiisse
1313 1746 1346 1772 in
1373 1744 1562 1785 theologiam,
1583 1746 1658 1772 sicut
1683 1745 1754 1773 alios

351 1790 495 1830 quosdam
510 1789 666 1817 daemones
684 1789 919 1826 cosmogonicos,
940 1788 1195 1827 philosophemnte
1213 1800 1265 1827 per
1280 1789 1451 1817 universam
1470 1790 1607 1817 Graecam
1621 1790 1753 1828 promul-

351 1844 420 1875 gato
439 1843 468 1863 et
486 1835 646 1865 decantato,
679 1835 788 1872 passim
806 1843 860 1871 pro
877 1833 934 1860 diis
951 1833 1045 1861 cultos
1062 1844 1132 1865 esse,
1154 1833 1255 1862 saltem
1281 1843 1336 1872 pro
1360 1834 1428 1861 diis·
1442 1833 1569 1865 habitos,
1590 1845 1650 1862 non
1675 1834 1756 1863 abest

352 1891 369 1908 a
396 1878 671 1909 verisimilitudine,
701 1879 726 1905 si
752 1878 924 1905 Pausaniam
950 1878 1077 1906 evolvis.
1122 1881 1269 1909 Attamen,
1298 1879 1378 1916 qnod
1403 1889 1491 1916 supra
1511 1880 1618 1907 monui
1643 1879 1753 1922 pluries

352 1924 472 1954 factum,
490 1922 541 1951 vel
555 1924 598 1950 ita
611 1923 645 1950 in
660 1923 935 1960 cosmogonicarum
954 1923 1195 1961 generationum-
1206 1924 1312 1951 seriem
1330 1922 1390 1951 sola
1415 1933 1466 1951 sua
1487 1923 1608 1961 physica
1630 1925 1753 1953 notione

352 1968 498 2008 Cyclopes
513 1969 644 2006 recipere
659 1969 759 2006 potuit
774 1976 883 1996 auctor.
908 1968 943 1996 cf.
962 1976 1024 1996 not.

308 2048 344 2084 ,1)
363 2047 428 2073 Hos
453 2045 534 2073 enim
551 2054 661 2072 nomen
686 2044 818 2073 voluisse
834 2045 964 2076 videtur,
990 2055 1085 2072 unum
1110 2045 1144 2072 in
1160 2045 1259 2073 fronte
1275 2044 1395 2073 oculum
1412 2047 1558 2086 κυκλότερη
1575 2057 1604 2075 v.
1624 2048 1750 2083 145.*ex-

352 2092 477 2120 tricante
490 2090 637 2118 seriorum
654 2089 792 2121 sollertia.
812 2090 894 2129 quod
907 2089 1017 2125 judicat
1034 2091 1181 2128 Heyniuu.
1216 2092 1326 2121 Versus
1346 2090 1445 2119 saltem
1472 2101 1625 2131 sequentes
1651 2104 1680 2122 v.
1692 2100 1749 2131 144.

352 2145 381 2166 et
392 2142 435 2172 45.
454 2135 604 2174 suppositi
621 2144 699 2168 sunt,
719 2144 935 2175 cumrrepetant
961 2136 1167 2165 antecedentia.
1184 2136 1244 2165 vid.
1252 2135 1355 2170 ,Wolfi
1372 2137 1415 2165 ad.
1433 2136 1462 2164 h.
1476 2136 1496 2166 1.
