1973 2714
949 277 1000 318 66,

221 380 357 416 poetam
372 375 392 405 i.
403 383 430 404 e.
446 380 581 415 poetam
599 374 696 404 illum
713 374 871 404 seriorem
887 371 1070 426 Orpheum,
1095 374 1188 411 cujus
1202 362 1335 403 carmen
1353 373 1415 403 tibi
1431 372 1474 404 ob
1493 373 1608 405 oculos
1627 375 1723 415 jacet,

219 438 392 469 nunquam
408 423 536 472 fuisse.
581 427 705 458 Verum
727 427 811 457 nihil
836 424 950 461 aliud,
964 426 991 456 si
1008 424 1163 469 Orpheus
1184 420 1420 467 intelligendus
1442 433 1491 457 est
1507 428 1609 457 serior
1623 435 1721 467 poeta

219 481 486 524 pseudonymus,
508 487 637 522 poterat
653 489 790 521 negasse
804 478 1005 514 Aristoteles,
1022 488 1123 520 quam
1139 485 1275 519 poetam
1287 488 1366 509 eum
1381 480 1720 521 serioremuunquam

220 536 266 566 ita
283 535 489 577 appellatum
511 532 623 569 fuisse,
644 540 684 563 ut
705 522 810 574 vulgo
831 532 1059 574 appellaretur,
1081 532 1242 562 nimirum
1264 530 1390 573 Orphei
1410 534 1557 568 nomine,
1578 531 1614 563 id
1628 531 1736 574 quffl·

221 596 256 620 ct
266 589 369 620 verba
381 598 453 619 non
469 587 558 622 dant,
580 593 613 617 et
631 585 727 617 obest
742 585 961 628 disputationi
976 583 1105 620 Cottae,
1128 594 1213 627 quae
1238 591 1288 616 est
1305 591 1420 616 contra
1435 587 1596 630 imagines
1611 594 1719 628 perso-

221 652 342 673 narum
359 649 391 672 et
405 651 525 675 rerum,
549 650 629 682 quas
645 640 699 670 vel
713 649 784 670 non
801 639 897 675 vidit,
919 640 974 670 vel
990 649 1074 682 quae
1087 649 1158 670 non
1174 640 1321 670 existunt
1336 646 1394 670 aut
1403 641 1546 671 existere
1562 649 1632 671 non
1647 649 1720 681 pos-

222 703 311 731 sunt,
333 703 441 736 neque
458 700 573 723 contra
595 691 885 734 pseudonymiam.

306 798 557 831 Persistendum
576 800 680 841 igitur
694 804 743 830 est
757 800 792 829 in
808 799 989 830 Moshemii
1006 799 1226 841 explicatione
1242 799 1486 843 simplicissima
1504 806 1537 831 et
1551 800 1722 831 verissima

213 861 255 888 ,nt
270 854 318 888 sic
335 863 403 884 vox
417 859 563 893 poetam,
586 863 672 895 quae
687 851 821 883 additur
837 852 984 894 Orpheo,
1006 852 1077 884 sine
1091 854 1129 883 vi
1145 860 1194 884 est
1208 854 1243 883 in
1266 854 1343 884 loci·
1356 864 1497 888 sensum,
1526 853 1637 884 verbis
1653 859 1722 883 tan-

219 905 403 937 tummodo
415 907 594 937 meliorem
608 915 777 936 numerum
794 905 887 941 dans,
910 909 1010 949 quem
1029 908 1196 936 siessent:
1220 905 1395 947 Orpheum
1411 905 1603 937 Aristoteles
1624 904 1726 936 docet

220 967 398 1002 nunquam
412 957 524 990 fuisse.
569 958 749 1002 Sequentia
766 964 896 989 autem:
920 965 954 989 et
972 959 1040 989 hoc
1056 957 1244 1000 Orphicum
1267 961 1400 989 carmen
1422 966 1485 991 etc.
1506 957 1582 988 ideo
1596 957 1723 997 adjecta

220 1019 310 1047 sunt,
338 1022 382 1042 ne
402 1002 470 1043 hoc
493 1022 639 1047 carmen,
661 1013 704 1049 (i.
721 1022 749 1042 e.
766 1009 914 1047 δεικτικῢς,
944 1003 1035 1054 quod
1055 1012 1184 1051 jacebat
1207 1012 1250 1041 ob
1272 1012 1407 1051 oculos)
1431 1019 1543 1042 tamen
1563 1010 1723 1051 profitens

224 1063 409 1106 Orpheum,
453 1065 623 1096 incassum
649 1063 812 1100 redderet,
856 1063 949 1107 quod
968 1064 1160 1096 Aristoteles
1185 1063 1418 1105 disputaverat,
1454 1071 1555 1106 atque
1574 1063 1657 1095 adeo
1678 1073 1722 1095 ne

223 1117 325 1150 Cotta
339 1118 530 1160 exemplum
545 1127 716 1159 personae,
738 1127 824 1160 quae
840 1127 912 1149 uon
927 1116 1038 1154 fuerit,
1061 1118 1197 1160 elegisse
1210 1116 1389 1153 videretur,
1411 1114 1505 1159 quod
1520 1114 1636 1150 affexre
1649 1126 1721 1149 non

218 1170 394 1203 'debuisset
409 1177 442 1201 et
458 1177 574 1202 contra
589 1170 682 1216 quod
693 1177 825 1211 poterat
838 1163 979 1202 moneri.
1081 1161 1084 1165 ⁴

876 1226 927 1244 '‘*la

309 1276 487 1309 Caeterum
503 1287 545 1308 an
563 1275 717 1309 Ciceroni
732 1278 775 1308 sit
791 1276 1007 1313 credendum,
1029 1284 1072 1308 an
1086 1284 1176 1309 recte
1190 1277 1309 1320 legerit
1323 1277 1545 1313 Aristotelem,
1566 1286 1722 1319 quaerere

224 1339 298 1371 non
311 1331 441 1370 attinet,
462 1338 573 1379 neque
587 1339 669 1360 vero
687 1328 774 1360 effici
786 1335 906 1371 potest.
950 1330 989 1360 In
1006 1331 1231 1371 ipsisfscriptis
1247 1331 1463 1366 Aristoteleis,
1484 1340 1569 1372 quae
1584 1336 1723 1367 exstant,

225 1383 312 1414 nihil
332 1382 424 1413 aliud
444 1388 563 1414 monet
585 1382 819 1424 philosophus,
841 1393 943 1426 quam
966 1383 1015 1416 fun
1028 1381 1155 1424 Ὀρφικοὶ
1176 1392 1247 1414 esse
1270 1381 1351 1415 falsa
1366 1390 1400 1415 et
1412 1384 1592 1426 supposita.
1634 1384 1725 1416 Item

225 1433 440 1475 Philoponus
463 1436 623 1476 interpres
648 1444 687 1464 ex
710 1435 797 1466 libro
821 1435 1017 1477 philosophi
1038 1435 1230 1477 deperdito
1228 1435 1290 1475 unga*
1308 1438 1475 1475 φιλοσοφίαι
1501 1436 1611 1469 simile
1629 1429 1726 1470 alfes-t

225 1487 392 1531 iudicium
411 1487 452 1520 de
467 1488 597 1530 scriptis
613 1485 778 1561 Orphicis.

543 1847 615 1887 De·
634 1845 861 1887 Thracibus
886 1835 1136 1899 religionum
1160 1846 1408 1888 auctoribus.

308 1964 491 2008 Scriptores
506 1966 655 2006 primum
667 1965 804 1996 seriores
823 1971 915 1999 sunt,
938 1964 996 2006 qui
1019 1973 1039 1994 a
1068 1962 1248 1994 Thracibus
1270 1962 1423 1995 derivant
1445 1964 1567 2006 primas
1584 1963 1725 1997 Graeco-

221 2028 300 2050 rum
322 2020 501 2061 religiones
526 2018 735 2063 deorumque
757 2018 898 2052 cultum,
927 2017 1088 2052 nominis,
1111 2015 1220 2052 credo,
1242 2017 1448 2059 etymologia
1464 2027 1482 2048 a
1495 2017 1626 2058 &pamla
1640 2019 1722 2050 nixi.

222 2070 268 2101 Et
281 2073 442 2113 quoniam
459 2070 613 2113 Orpheus
628 2070 779 2103 ferorum
793 2071 1006 2112 popularium
1020 2079 1131 2101 mores
1147 2069 1317 2102 domuisse
1339 2076 1441 2113 atque
1460 2071 1548 2101 inter
1569 2079 1725 2102 eos‘eon-

219 2121 341 2155 didisse
367 2125 526 2164 mysteria
548 2125 698 2167 certique
720 2123 871 2160 deorum,
905 2123 1051 2154 maxime
1072 2121 1207 2160 Bacchi,
1236 2123 1348 2160 cultus
1370 2120 1489 2157 suctos
1507 2121 1612 2156 fuisse
1635 2122 1724 2156 dice-

217 2176 328 2214 batur,
349 2177 553 2220 religionum
563 2179 659 2221 origo
674 2177 797 2210 deinde
810 2176 910 2210 rediit
922 2176 964 2210 ad
976 2177 1084 2209 illum.

1569 2244 1571 2246 ·
1614 2229 1722 2265 Nimi-
