1973 2714
971 246 1013 282 74

243 354 306 387 qna
335 341 532 373 circumdati
562 347 674 376 erant,r
694 347 793 383 atque
816 339 940 370 'omnes
970 340 1074 381 igitur
1104 338 1225 369 mundi
1254 347 1372 381 partes,
1406 348 1490 381 quae
1512 335 1687 381 'prodeunt
1708 348 1742 373 et

242 399 429 439 ‘gignuntur
450 406 488 426 ex
513 394 617 430 Chao,
639 404 800 436 personae
824 401 857 424 et
881 392 926 423 dii
949 400 1039 428 sunt,
1062 394 1120 435 qui
1144 403 1243 433 agere
1266 392 1435 429 dicuntur,
1458 403 1543 435 quae
1574 403 1636 424 nos
1668 403 1742 424 eve-

238 451 311 482 nire
333 449 489 483 dicimus,
510 448 658 487 gignere,
682 457 766 489 quae
788 446 874 476 fiunt
896 456 1004 489 unum
1028 453 1106 487 post
1127 446 1279 482 alterum,
1302 453 1335 476 et
1357 453 1545 486 procreare,
1569 440 1742 489 tamquam

239 509 333 545 pater
352 508 387 532 et
407 508 525 537 mater,
545 510 642 541 *nova
670 499 791 531 mundi
823 509 971 541 corpora,
1000 509 1094 541 quae,
1125 499 1219 541 quasi
1250 500 1318 530 sint
1349 500 1563 542 amplexuum
1591 501 1742 542 pignora,

238 557 275 587 in
299 556 411 586 lucem
436 548 603 597 prodeunt
624 561 663 584 ut
685 553 744 584 filii
766 552 929 595 filiaeque,
951 560 990 583 ut
1015 552 1099 584 adeo
1128 552 1276 583 mundus
1304 563 1340 584 se
1369 554 1513 594 ipsamet
1541 555 1635 596 quasi
1661 564 1741 594 pro-

241 620 373 640 creasse
394 609 460 639 dici
483 608 629 638 debeat..
656 607 704 638 Ita
728 608 828 637 etiam
852 606 921 637 fieri
951 607 1078 642 debuit,
1116 616 1194 637 curn
1224 607 1346 637 mundi
1376 617 1555 649 corporum
1582 614 1741 638 natorum

238 665 337 694 series
363 660 506 692 efficeret
529 670 567 690 ea
589 661 702 702 lingua
725 660 867 690 deorum
890 667 1125 701 generatorum
1148 661 1280 696 lineam,
1304 668 1342 690 ut
1365 660 1455 690 idem
1485 668 1570 691 esset
1597 661 1742 700 Theogo-

238 707 299 747 nia
321 725 359 746 ac
382 713 608 753 cosmogonia.
654 713 718 745 Sed
742 713 841 744 altera
867 720 979 743 tamen
1002 714 1131 748 ratione
1155 714 1242 743 inter
1263 720 1441 755 utramque
1463 707 1742 755 distinguendum

238 778 298 801 est.
344 769 475 799 Diversi
499 769 589 798 enim
613 767 661 797 dii
690 774 770 798 sunt
797 774 933 797 naturae
962 767 1011 796 illi
1042 766 1222 797 daemones
1253 769 1484 809 cosmogo'nici
1514 769 1604 809 iique
1634 766 1743 797 cultus

236 822 366 864 populi,
390 822 449 864 qui
470 818 621 862 efficiunt
642 819 742 850 ,Iovis
765 826 920 860 systema,
943 829 1020 849 vera
1042 820 1182 849 numina
1213 827 1246 849 et
1276 821 1363 850 inter
1385 820 1528 851 Graecos
1558 821 1742 862 antiquitus

239 877 328 912 culta
357 875 534 916 multoque
562 874 856 915 philosophemate
887 874 1083 915 antiquiora.
1145 871 1390 915 complectitur
1418 875 1579 905 nimirum
1609 881 1643 905 et
1680 874 1743 905 hos

239 926 459 970 cosmogonia
478 926 654 962 Hesiodea,
698 937 737 957 ac
765 928 800 956 in
829 936 964 957 scenam
994 925 1162 967 producit,
1205 918 1386 968 p'ostquam
1415 937 1527 957 rerum
1555 934 1672 957 natura
1702 937 1742 957 ex

238 982 335 1014 Chao
357 981 502 1015 emersit,
515 980 683 1011 omnibus
706 980 828 1010 mundi
849 980 998 1021 partibus
1023 989 1063 1009 eo
1085 969 1490 1021 perfectionis'perductis
1521 987 1554 1011 et
1573 980 1741 1015 absolutis,

238 1042 278 1065 ut
299 1034 386 1064 nihil
409 1033 504 1067 desit,
526 1034 591 1062 nisi
613 1040 652 1062 ut
676 1033 796 1062 habeat
820 1032 910 1066 deos,
946 1033 1006 1073 qui
1034 1040 1128 1060 nunc
1155 1032 1343 1062 absolutam
1372 1043 1483 1062 rerum
1512 1041 1665 1063 naturam
1694 1043 1742 1063 re·-

241 1093 377 1130 gant-et
398 1086 596 1128 gubernent,
617 1087 759 1127 quisque
780 1096 838 1116 sua
868 1085 1051 1126 provincia,
1083 1093 1185 1125 quain
1205 1083 1335 1114 dudum
1358 1084 1552 1116 addixerant
1571 1087 1741 1128 religionis

241 1140 361 1190 populi
383 1138 575 1189 dogmata.
596 1137 754 1169 Succedit
776 1139 879 1179 igitur
901 1146 993 1167 nunc
1015 1136 1137 1167 mundi
1168 1139 1372 1169 creationem
1401 1138 1541 1169 deorum
1563 1142 1744 1182 generatio,

242 1191 494 1241 cosmogopiam
518 1191 710 1231 theogonia,
740 1192 784 1221 ita
808 1190 871 1222 hac
894 1191 942 1220 illi
964 1196 1097 1226 attexta,
1118 1197 1158 1220 ut
1189 1198 1326 1222 naturae
1357 1190 1536 1239 daemones
1568 1202 1743 1236 cosmogo-

231 1248 319 1292 inici,
351 1256 428 1276 cum
452 1245 569 1275 itidem
594 1245 640 1275 dii
662 1246 738 1279 sint,
770 1251 869 1286 atque
892 1243 985 1285 quod
1008 1245 1172 1283 posterius
1196 1244 1307 1285 prodit
1327 1245 1368 1275 ab
1384 1231 1609 1277 antecedente
1630 1247 1742 1290 aliquo

242 1301 394 1342 genitum
420 1298 551 1328 dicatur
573 1299 607 1327 in
632 1298 870 1338 cosmogoniis,
902 1296 982 1327 deos
1005 1297 1187 1338 religionis,
1215 1298 1276 1327 lov
1279 1308 1332 1327 em
1359 1307 1438 1328 cum
1460 1297 1613 1329 fratribus
1637 1308 1670 1333 et
1692 1306 1760 1331 so-'

242 1352 384 1388 roribus,
413 1361 586 1394 procreare
616 1351 776 1396 debeant:
808 1349 842 1379 id
864 1348 957 1391 quod
985 1351 1183 1392 neutiquam
1215 1357 1345 1392 poterat
1377 1349 1547 1382 offendere
1575 1354 1742 1397 religiosas

243 1416 362 1437 comm
384 1406 565 1434 hominurn
591 1405 776 1443 opiniones,
800 1413 879 1432 cum
901 1404 1010 1433 multo
1039 1411 1116 1433 ante
1144 1404 1187 1434 de
1217 1405 1395 1435 connubiis
1424 1405 1564 1436 deorum
1593 1407 1743 1439 dearum-

245 1467 314 1501 que
344 1462 514 1487 narratum
544 1461 630 1486 esset
659 1456 694 1485 in
726 1454 864 1494 mythi5‚
895 1455 1024 1496 ipsique
1052 1454 1127 1484 Jovi
1154 1455 1241 1497 larga
1268 1456 1377 1503 proles
1400 1455 1579 1498 adscripta:
1603 1468 1683 1503 ergo
1707 1468 1746 1492 ut

242 1518 428 1555 genuerant
457 1509 543 1541 filios
574 1509 734 1551 filiasque,
765 1510 809 1539 ita
840 1515 875 1539 et
903 1509 965 1549 ipsi
995 1510 1101 1550 geniti
1131 1519 1200 1541 esse
1224 1508 1291 1541 dici
1313 1517 1483 1551 poterant:
1511 1512 1580 1543 imo
1604 1512 1745 1547 deorum

241 1570 370 1607 patrem
392 1563 542 1593 Cronum
565 1563 631 1607 jain
655 1561 783 1591 dedisse
807 1561 944 1600 mythos
967 1562 1143 1602 populares
1169 1562 1327 1592 credibile
1357 1570 1417 1593 est.
1447 1563 1512 1601 (cf.
1536 1564 1653 1605 infra.)
1696 1568 1745 1599 Ita

203 1631 207 1634 ·
242 1627 323 1648 vero
347 1615 426 1648 inde
446 1610 463 1646 a
487 1615 785 1657 philosophematis
812 1621 963 1655 tempore
987 1610 1193 1645 Graecomm
1217 1614 1271 1645 dei
1294 1616 1403 1647 sortiti
1424 1623 1503 1647 sunt
1533 1627 1624 1654 avos,
1652 1631 1747 1662 proa-

241 1681 302 1702 vos
326 1679 359 1702 et
380 1672 547 1709 maJ‘orum
570 1669 767 1711 prosapiam,
790 1679 891 1711 quam
915 1667 1009 1699 antea
1032 1678 1103 1699 non
1127 1670 1314 1701 habuerant
1335 1671 1371 1700 in
1394 1671 1556 1713 religione
1571 1675 1699 1715 populi.

329 1778 424 1820 Quae
443 1777 470 1809 si
491 1778 536 1808 ita
560 1785 649 1813 sunt,
671 1784 820 1808 veterem
845 1777 1103 1820 cosmogoniam
1133 1777 1234 1821 longe
1263 1776 1451 1809 breviorem
1480 1777 1582 1811 fuisse
1614 1789 1745 1823 oportet

241 1839 341 1872 atque
356 1831 465 1865 aetati,
496 1841 563 1871 qua
592 1832 776 1872 excogitata
808 1838 867 1864 cst,
898 1832 945 1859 sic
977 1832 1083 1871 magis
1114 1838 1400 1861 consentaneam«
1427 1832 1520 1861 Nihil
1542 1841 1654 1871 autem
1678 1846 1744 1866 cre-

242 1885 384 1920 dibilius,
415 1876 647 1927 quam'ipsam
670 1885 739 1924 ejus
763 1882 925 1927 loquendi
950 1890 983 1915 ct
1005 1882 1046 1915 de
1069 1883 1170 1915 rebus
1202 1880 1338 1916 n‘aturae
1368 1884 1556 1927 exponendi
1579 1888 1743 1921 rationem

239 1939 389 1978 largioris
415 1937 617 1966 tractationis
640 1939 772 1977 copiam
797 1938 926 1967 dedisse
949 1939 1164 1978 sequentium
1188 1945 1380 1977 temporum
1404 1939 1609 1970 hominibus.
1647 1943 1742 1973 Fece-

241 1997 320 2022 runt
341 1990 462 2033 utique
485 1989 558 2020 illae
581 1990 692 2020 renim
715 1990 917 2020 naturalium
941 1990 1215 2032 prosopopoeiae,
1246 1997 1285 2021 ut
1314 2000 1393 2021 mox
1423 2001 1440 2021 a
1469 2001 1549 2023 vero
1579 1997 1741 2036 poematis

242 2055 341 2074 sensu
364 2045 596 2078 aberraverint,
627 2054 810 2084 omnesque
833 2054 888 2074 eos
912 2044 1100 2078 daemones,
1131 2045 1253 2085 quibus
1276 2047 1395 2086 genitis
1419 2053 1572 2077 naturam
1595 2051 1743 2089 genitam

242 2095 344 2126 fuisse
368 2096 519 2126 voluerat
540 2103 650 2137 poeta,
673 2105 735 2138 pro
755 2097 840 2126 vcn's
864 2095 925 2127 diis
947 2095 1068 2126 habere
1091 2095 1275 2132 debuerint,
1297 2099 1456 2139 quoniam
1480 2108 1550 2129 non
1581 2101 1674 2130 aliter
1702 2100 1743 2132 de

197 2144 202 2147 ⁴
243 2152 290 2182 eis
323 2160 423 2192 quam
453 2150 495 2181 de
522 2151 612 2187 Jove,
642 2151 800 2193 Neptuno
831 2152 1032 2194 caeterisque
1056 2150 1258 2184 Graec-orum
1287 2151 1348 2185 diis
1378 2153 1510 2186 locutus
1540 2160 1608 2185 erat
1635 2162 1743 2195 poeta,

753 2216 755 2218 ’
1650 2208 1746 2239 adco-'
