1973 2714
1006 280 1051 317 98

274 372 416 405 oraculis
439 379 482 408 et,
511 378 551 402 ut
574 370 763 407 consulant,
800 377 881 407 orat,
911 370 1087 413 quomodo
1111 378 1278 403 servatura
1302 373 1345 403 sit
1370 380 1467 411 natu·
1483 375 1676 413 minimum,
1714 388 1782 420 quo

274 425 411 469 gravida
440 432 491 456 est
520 425 689 463 (Iovem),
724 431 764 454 ut
793 425 820 454 is
858 422 995 454 adultus
1028 425 1194 455 ultionem
1236 435 1352 467 capere
1381 428 1486 468 possit
1517 427 1558 457 de
1589 430 1783 462 cmdelitate

274 479 409 520 tyranni
431 478 467 508 in
490 477 643 508 sobolem
665 486 771 507 suam.
816 476 965 506 Sandent
988 476 1117 508 Uranus
1141 484 1175 507 et
1198 478 1258 513 Ge,
1290 480 1348 520 qui
1378 485 1417 508 ut
1452 480 1583 510 oracula
1612 483 1698 513 inter
1720 484 1779 514 ho-

272 534 381 563 mines
405 531 534 562 duabus
558 531 707 571 partibus
730 531 916 566 inserviunt
939 531 1097 566 consiliis,
1139 538 1179 561 ut
1207 530 1358 574 aufugiat
1386 539 1420 562 et
1450 543 1552 574 quem
1586 535 1689 565 enixa.
1711 535 1781 567 fue-

272 581 325 621 rit,
348 583 513 616 infantem
536 585 665 615 curiose
694 584 859 620 occultet;
884 584 1010 619 locum,
1043 593 1111 626 quo
1134 583 1309 627 confugiat
1329 586 1524 627 parturiens,
1548 588 1782 619 constituenti-

274 639 337 670 bus
359 639 530 680 religionis
553 638 670 679 populi
692 637 830 677 mythis.
876 636 987 679 Quam
1017 638 1123 679 igitur*
1140 645 1274 669 secutus
1298 646 1411 680 poeta.
1429 639 1606 675 secundus,
1630 640 1781 672 Uranum

272 700 307 724 et
330 692 479 727 Terram,
502 698 540 721 ut
563 689 658 721 Rhea
678 692 713 720 in
738 691 883 730 Lyctum
907 689 1025 721 Cretae
1048 691 1175 721 insulae
1197 690 1349 722 montein
1374 684 1581 735 confugeret,
1600 693 1686 724 filiae
1708 705 1781 725 sua-

271 747 357 779 sisse*
373 745 530 777 narravit.
575 743 661 775 Nam
686 742 728 775 ad
755 742 888 774 Cretam
909 744 1022 784 mythi
1043 752 1223 786 posuerant
1245 746 1369 776 natales
1404 752 1437 776 et
1468 746 1703 778 educationem
1727 748 1780 777 Jo-

271 803 335 835 vis,
357 797 635 840 nimirum¹q110d
656 793 735 828 inde
757 805 894 828 venerat
915 798 1005 829 lovis
1029 799 1149 829 cultus.
1170 800 1202 838 r)
1243 799 1343 841 Sequi
1365 801 1469 841 igitur
1488 800 1581 832 Rhea
1602 809 1778 844 parentum

271 853 421 888 consilia,
445 851 491 885 ad⁴
512 850 645 882 Cretam
669 860 704 881 se
727 849 890 886 conferre,
915 850 957 880 ad
979 858 1134 881 montem
1160 852 1306 891 Lyctum
1330 862 1443 892 parere
1466 860 1499 883 et
1520 855 1555 883 in
1578 860 1674 885 antro
1698 863 1777 884 con·

269 906 347 938 dere
375 906 504 938 Jovem.
549 905 707 936 Attamen
738 905 878 938 sollicita
906 911 1022 940 mater,
1051 914 1094 936 ne
1124 906 1291 937 inveniret
1318 913 1479 947 tyrannus
1517 917 1688 949 quaerens,
1719 914 1777 939 aut

270 962 375 991 'verita
395 967 456 995 est,
483 969 527 989 ne
550 958 713 1001 flagitaret
736 965 769 988 et
791 959 827 988 vi
849 959 992 1000 exigeret
1014 957 1197 989 infantem:
1227 969 1327 1001 quare
1358 967 1463 990 mater
1491 961 1593 991 simul
1618 962 1711 990 anxia
1736 968 1776 998 ¹et

269 1013 442 1046 muliebris
475 1012 640 1044 sollertiae
671 1011 798 1052 artibus
834 1010 993 1052 praedita,
1029 1010 1175 1053 lapidem
1205 1013 1350 1043 involvit
1381 1011 1501 1049 fasciis,
1536 1014 1630 1055 quasi
1666 1012 1775 1043 infans

269 1069 323 1103 sit,
360 1074 393 1097 et
419 1073 563 1105 tyranno
594 1066 726 1111 marito,
766 1074 846 1094 cum
875 1066 1064 1105 parturiisse
1100 1055 1280 1107 conjugem
1304 1066 1432 1096 videret
1458 1073 1492 1096 et
1522 1066 1615 1108 quod
1642 1076 1773 1108 pepere-

267 1128 328 1158 rat,
359 1118 509 1151 dandum
533 1125 697 1161 posceret,
728 1116 985 1160 deglutiendum
1008 1116 1100 1148 dedit
1124 1115 1319 1149 crudelitate
1344 1125 1553 1152 occoecato„

352 1226 491 1258 Ser-vato
512 1226 616 1267 igitur
637 1223 751 1255 futuro
774 1224 916 1255 deorum
939 1224 1187 1267 hominumque
1216 1234 1304 1267 rege,
1334 1225 1535 1256 inevitabilis
1565 1233 1634 1256 erat
1665 1225 1768 1258 Croni

267 1291 373 1316 casus,
394 1289 496 1322 quem
518 1277 593 1308 ideo
613 1279 680 1316 jam
702 1287 795 1308 nunc
817 1278 957 1308 nunciat
974 1284 1105 1318 ‘poetat
1132 1288 1166 1309 v.
1180 1282 1247 1317 433
1260 1296 1304 1302 --
1318 1287 1372 1318 91.
1416 1277 1517 1309 Brevi
1545 1285 1696 1320 tempore
1711 1281 1769 1310 *Ju-

265 1338 351 1380 piter
379 1335 415 1364 in
440 1338 537 1362 antro
566 1330 701 1361 adultus
732 1338 792 1366 est,
823 1340 898 1361 acer
928 1337 962 1361 et
993 1329 1087 1361 fortis
1117 1329 1225 1361 factus
1252 1335 1328 1371 492.
1359 1341 1430 1373 sqq.
1474 1331 1517 1362 At
1539 1332 1630 1362 solus
1654 1340 1770 1364 contra

264 1397 394 1432 patrem
416 1393 450 1416 et
472 1385 608 1415 Titanes
631 1385 717 1415 bella
739 1394 876 1414 movere
897 1394 967 1419 non
990 1385 1096 1414 valuit
1117 1393 1233 1428 neque
1259 1395 1357 1415 ausus
1387 1392 1452 1415 est:
1492 1385 1654 1416 liberandi
1676 1394 1770 1417 erant

266 1443 381 1474 fratres
406 1447 440 1470 et
461 1448 588 1469 sorores
617 1448 657 1468 ex
678 1444 796 1468 ventre
816 1437 969 1468 Saturni:
996 1448 1152 1479 namque,
1174 1444 1213 1468 ut
1233 1437 1280 1468 dii
1301 1438 1518 1473 immortales,
1546 1439 1696 1470 insontes
1718 1439 1767 1470 ibi

264 1497 387 1530 servati
410 1499 513 1527 erant,
536 1500 600 1522 nec
621 1492 699 1521 satis
722 1491 826 1532 igitur
847 1497 922 1531 apte
946 1500 1026 1521 usus
1048 1497 1099 1521 est
1120 1497 1220 1531 poeta
1248 1483 1416 1525 secundus
1446 1491 1501 1522 illa
1534 1490 1576 1521 de
1601 1491 1768 1533 Tempore

264 1550 378 1583 omnia
407 1546 539 1577 delente
568 1543 708 1574 notione
738 1549 796 1573 aut
824 1542 956 1583 mytho.
998 1542 1109 1572 Etiam
1126 1542 1253 1584 Jupiter
1272 1542 1354 1573 adiit
1374 1543 1494 1573 Terrae
1516 1534 1768 1588 oracula-quae

263 1602 447 1635 consuluit,
474 1605 514 1628 ut
544 1597 630 1637 patri
659 1597 842 1627 emeticum
868 1596 1077 1637 propinaret:
1108 1587 1166 1626 aut
1195 1595 1383 1627 secundum
1404 1597 1540 1636 mythos
1562 1597 1767 1638 Apollodori,

263 1658 331 1689 hoc
353 1651 546 1685 faciendum
576 1659 656 1685 esse,
688 1650 820 1691 propn‘a
849 1649 1014 1679 intellexit
1035 1648 1187 1682 Minerva
1218 1650 1289 1680 sive
1317 1649 1431 1691 lingua
1461 1649 1622 1689 mythica,
1655 1651 1766 1688 Metis,

263 1707 474 1751 (prudentia)
498 1714 600 1746 quam
625 1702 758 1733 adultus
780 1712 875 1733 nunc
895 1712 1036 1733 uxorem
1060 1701 1165 1737 duxit,
1194 1703 1297 1733 suasit
1320 1710 1358 1733 ut
1379 1701 1513 1733 faceret.
1557 1702 1687 1735 Cronus
1711 1704 1766 1737 de-

265 1762 403 1808 glutivit
433 1759 617 1790 emeticum
648 1763 681 1787 et
710 1755 857 1787 reddidit
881 1764 999 1787 omnes
1020 1755 1111 1787 lovis
1134 1753 1249 1787 Fratres
1274 1762 1309 1786 et
1336 1755 1481 1787 Sorores.
1525 1755 1657 1789 Deinde
1678 1758 1767 1799 Jupi-

1718 1818 1769 1843 tet

329 1929 359 1964 r)
378 1924 515 1955 Pluribus
541 1922 594 1950 hac
618 1922 653 1949 de
678 1932 710 1949 re
739 1931 822 1959 agere
855 1920 1015 1949 eonsilium
1033 1929 1074 1948 est
1090 1921 1123 1948 in
1138 1919 1217 1948 libro
1236 1920 1272 1948 de
1287 1919 1409 1958 reliquis
1426 1919 1627 1958 Orphicorum
1641 1923 1764 1960 mythis,

364 1972 400 2001 de
413 1969 549 2000 historia,
568 1967 663 1995 cultus
686 1966 849 1999 Minervae,
868 1967 955 1997 Jovis
974 1975 1000 1995 et
1020 1967 1144 1995 Cereris.
1164 1981 1201 1987 --
1236 1965 1390 1993 Caeterum
1418 1975 1478 1993 non
1499 1966 1620 1995 novisse
1644 1967 1765 1997 videtur

363 2015 515 2044 Hesiodus
531 2012 658 2039 fabulam
676 2012 711 2039 de
730 2012 883 2043 Curetibus,
903 2012 1036 2049 quiante
1056 2020 1183 2041 antrum,
1206 2010 1267 2038 vubi
1284 2011 1402 2048 Jupiter
1430 2010 1589 2049 occultatus
1615 2012 1765 2051 fuitfcly-

361 2070 433 2100 peos
458 2057 642 2085 concussisse
669 2056 818 2087 dicuntur,
843 2067 881 2084 ne
908 2066 1048 2094 quaerens
1073 2063 1155 2094 pater
1174 2055 1286 2082 audiret
1304 2055 1427 2083 infantis
1441 2056 1596 2093 vagitum:
1625 2065 1653 2084 et
1671 2058 1766 2085 terior

364 2117 396 2134 ca
421 2103 542 2133 videtur
567 2109 595 2130 et
621 2109 687 2128 nata
705 2110 741 2129 ex
764 2100 1009 2140 interpretatione
1026 2101 1102 2129 ritus
1120 2099 1256 2136 religiosi
1271 2100 1304 2127 in
1323 2099 1406 2128 festis
1423 2100 1510 2131 Jovis
1529 2101 1689 2133 Cretensis,
1709 2101 1763 2130 ubi

362 2147 571 2178 instrumentis
592 2146 638 2174 his
655 2146 855 2185 strepentibus
880 2146 930 2176 usi
954 2154 1035 2179 sunt,
1054 2146 1129 2174 sicut
1145 2146 1179 2174 in
1203 2144 1326 2182 Cybeles
1354 2154 1383 2175 et
1400 2145 1550 2175 Baechicis
1576 2146 1661 2175 festis
1686 2154 1762 2185 tym-

362 2203 451 2234 pano,
470 2190 610 2229 cymbalis
632 2198 684 2219 etc.
