1973 2714
960 221 1002 255 30

227 326 307 347 vero
328 316 466 345 notione
482 314 597 343 waleat
618 313 686 346 hic,
709 320 780 342 non
804 310 939 343 difficile
963 320 1013 342 est
1035 314 1201 350 conjectu.
1231 311 1400 343 Nimirum
1428 322 1519 348 cum,
1540 320 1619 344 nata
1641 322 1735 351 terra,

229 370 379 400 omnium
402 376 512 396 rerum
535 364 780 407 gignendarum
815 366 908 407 quasi
937 374 1035 395 scena
1065 374 1158 394 nunc
1187 366 1254 403 jam
1282 365 1452 401 habeatur,
1486 367 1579 408 atqui
1610 368 1734 403 omnia,

227 432 310 465 quae
332 426 522 455 nascentur,
551 426 665 449 actura
689 420 758 449 sint
775 428 929 459 personas
948 425 980 448 et
995 417 1085 454 deos,
1108 425 1195 449 satos
1212 428 1321 449 unum
1343 419 1386 450 ab
1408 419 1525 455 altero,
1549 427 1682 460 amante
1701 427 1736 451 et

227 476 449 516 amplectente
472 472 570 503 deam
596 472 670 507 deo,
718 472 811 502 velut
842 472 960 502 Jovem
986 479 1199 513 caeterosque
1224 471 1303 503 deos
1325 472 1482 503 Graeciae
1504 482 1602 504 veros
1624 483 1734 504 amare

228 528 371 571 deasque
386 527 548 569 amplecti
565 528 631 566 jam
648 532 723 556 ante
739 526 996 567 philosophema
1016 526 1136 556 tulerat
1152 526 1278 567 opinio,
1300 526 1470 557 amoribus
1478 533 1512 557 et
1520 526 1737 568 amplexibus,

226 590 266 613 ut
281 583 426 613 alimum
443 581 585 611 deorum
601 587 700 621 atque
717 580 908 615 hominum,
930 581 976 610 ita
992 580 1115 612 homm
1132 579 1339 611 daemonum
1355 581 1675 622 cosmogonieorum
1683 590 1739 611 an-

226 637 369 668 tistitem
395 642 427 665 et
450 640 621 663 auctorem
643 633 710 670 jam
733 632 879 662 tribuere
901 639 1038 673 poetam
1065 633 1225 674 oportuit.
1270 633 1431 663 Universa
1452 634 1557 675 igitur
1582 633 1623 663 de
1638 634 1738 665 rebu⁸

227 690 375 732 physicis
399 684 579 726 eloquendi
593 686 677 714 ratio
692 685 853 725 poscebat
872 685 1031 714 Amorem
1049 686 1084 714 in
1100 687 1327 727 cosmogonia,
1349 693 1384 716 at
1403 687 1459 721 ita,
1482 685 1573 728 quod
1595 685 1738 721 videtur,

229 744 270 774 ab
285 738 422 772 Hesiodi
438 744 575 768 auctore
593 744 778 778 receptum,
802 744 841 767 ut
858 747 1006 767 amorem
1024 738 1059 766 in
1074 736 1280 768 daemonum
1292 739 1428 770 illorum
1455 738 1554 770 corde
1571 738 1740 769 excitandi

227 798 298 827 vim
312 794 451 825 minime
465 790 676 821 denotaverit
698 798 731 821 et
746 790 969 832 ⁴declaraverit
988 791 1069 821 vim*
1080 791 1228 833 aliquam
1251 791 1441 824 associandi
1461 799 1497 823 et
1517 792 1681 835 jungendi
1700 794 1736 823 in

227 849 409 880 materiam,
431 845 565 875 tametsi
579 844 661 875 haec
673 843 792 874 >eadem
807 853 886 874 cum
899 843 1123 875 daemonibus
1139 845 1198 874 sit:
1221 846 1374 885 mimime
1394 846 1504 886 ‚igitur
1516 852 1568 876 est
1582 846 1735 887 allegori-¹

227 913 306 935 cum
320 897 457 943 aliquod
473 907 646 941 prosopon
661 888 796 934 δυνοῖμιωε
811 897 968 939 physicae
986 894 1172 939 efficatricis
1197 899 1232 928 in
1246 893 1328 935 ἴλην,
1348 905 1387 928 ut
1408 899 1571 929 seriorum
1588 898 1736 941 philoso-

227 958 373 999 phorum
388 952 534 994 Cupido,
556 951 616 982 sed
631 961 744 982 merus
755 950 839 980 deus
856 957 915 985 est,
936 950 1063 992 absque
1080 952 1176 981 omni
1198 952 1338 982 notione
1365 952 1630 992 eosmophysica.
1671 951 1736 983 Cu-

226 1009 340 1053 pidine
353 1008 457 1050 igitur
470 1012 563 1040 nato,
583 1004 802 1046 amplexuum
813 1010 846 1034 et
853 1003 1017 1034 Amorum
1034 1004 1197 1039 antistite,
1217 1013 1348 1034 amores
1364 1010 1400 1034 et
1414 1004 1585 1035 connubia
1598 1005 1736 1035 initium

229 1065 379 1104 capiunt.-
419 1059 535 1090 Primo
559 1057 671 1089 Chaos
696 1059 869 1103 progignit
885 1057 1033 1088 Erebum
1055 1065 1090 1089 et
1104 1057 1251 1087 Noctem
1271 1067 1306 1087 v.
1327 1061 1396 1096 124.
1421 1057 1500 1097 ..ule
1516 1056 1581 1097 fuit
1594 1068 1735 1100 persona

230 1112 448 1147 obscuritatis
470 1112 689 1142 Tartarorum
704 1110 769 1149 (cf.
784 1110 869 1141 infra
878 1111 1010 1151 )„‚haec
1022 1117 1206 1140 nocturnae
1225 1120 1323 1151 supra
1343 1117 1440 1144 terra,
1460 1116 1586 1145 tamen,
1615 1119 1654 1141 ut
1670 1113 1736 1147 ille,

230 1170 384 1202 habitans
397 1167 436 1196 iu
450 1165 533 1196 locis
550 1163 665 1195 inferis
683 1171 716 1195 et
731 1163 810 1194 inde
821 1165 941 1207 quavis
955 1170 1060 1195 nocte
1073 1162 1229 1205 prodiens
1244 1169 1320 1204 post
1328 1169 1515 1194 extremum
1533 1170 1636 1194 terrae
1650 1164 1736 1196 hori-

228 1230 340 1256 zonta,
364 1218 501 1261 quando
510 1218 586 1247 Diei
594 1218 675 1252 Dea,
691 1224 791 1246 nocte
801 1218 999 1257 incipiente,¹
1009 1218 1186 1247 revertitur
1198 1217 1233 1248 in
1249 1226 1359 1246 unum
1373 1216 1531 1261 idemque
1545 1217 1628 1248 illud
1642 1218 1737 1248 cubi-

228 1277 354 1309 culum,
384 1270 475 1314 quod
501 1270 645 1301 deseruit
670 1268 746 1313 Nox
769 1269 941 1302 desinente
967 1268 1031 1300 die.
1056 1268 1125 1304 vid,
1148 1268 1223 1307 746.
1267 1269 1413 1310 Utraque
1433 1270 1537 1311 igitur
1560 1280 1733 1311 personaa

228 1330 322 1362 Chao
336 1325 509 1369 progenita
527 1333 596 1353 esse
614 1329 743 1364 poterat
762 1321 838 1357 dici,
861 1332 939 1353 curn
956 1324 1049 1364 quasi
1073 1316 1230 1364 reliquiae
1247 1329 1357 1353 essent
1380 1323 1507 1364 priscae
1525 1323 1736 1355 obscuritatis

231 1383 329 1424 spatii
353 1378 472 1411 inanis,
495 1378 590 1414 cujus
612 1385 686 1416 pars
708 1374 840 1404 fuerant
862 1382 895 1404 et
908 1376 962 1404 vel
979 1385 1072 1404 nunc
1094 1375 1285 1405 manebant.
1338 1375 1484 1411 Tartara,
1513 1380 1660 1417 quorum
1675 1378 1734 1407 ob-

227 1436 425 1468 scurnatem
446 1429 588 1460 notabat
605 1428 737 1459 Erebus
753 1435 786 1458 et
802 1427 878 1458 Nox
890 1428 1003 1457 incola
1017 1434 1094 1458 erat.

312 1536 447 1570 Deinde
462 1535 504 1566 ad
519 1535 671 1569 alterum,
691 1534 787 1576 quod
803 1544 907 1574 supra
923 1541 1004 1564 terra
1019 1541 1081 1570 est,
1101 1534 1387 1576 ‘hemisphaerium
1409 1534 1669 1576 progrediuntur
1682 1547 1735 1579 ge-

228 1594 425 1631 nerationes·
470 1589 507 1619 ld
525 1589 707 1619 obscurum
732 1587 853 1623 adhuc,
883 1595 921 1617 ut
944 1586 1081 1618 inferior
1102 1589 1232 1629 antiqui
1260 1587 1371 1617 chaus
1391 1598 1474 1628 pars,
1505 1598 1597 1619 nunc
1624 1591 1734 1630 primo

227 1650 303 1679 luce
319 1640 548 1689 perfunditur:
571 1642 718 1672 nascitur
735 1640 886 1676 flemme,
910 1640 976 1671 diei
992 1640 1070 1671 dea:
1089 1642 1306 1682 praecipuum
1323 1646 1410 1670 certe
1424 1647 1457 1671 et
1469 1642 1627 1682 primum,
1644 1644 1741 1685 quod·

228 1701 299 1733 fieri
319 1699 431 1742 potuit
457 1704 490 1727 et
514 1695 631 1726 debuit
650 1696 686 1727 in
710 1696 794 1728 locis
823 1695 1064 1737 superioribus,
1098 1702 1279 1738 antequam
1299 1695 1424 1737 reliqua
1445 1696 1553 1726 excoli
1574 1704 1743 1737 poterant„

229 1754 402 1797 Quoniam
421 1750 622 1800 praecedens
638 1750 674 1779 in
687 1750 918 1791 cosmogoniis
936 1755 1029 1789 pater
1042 1751 1285 1791 estsequenu's,
1306 1748 1458 1779 a·Nocte
1479 1751 1590 1791 genita
1614 1750 1741 1781 dicitur.

230 1809 312 1843 dies,
336 1805 395 1848 qui
407 1805 506 1846 sequi
518 1804 607 1834 solet
622 1810 702 1843 post
720 1803 831 1839 illam;
856 1801 988 1837 deinde,
1011 1804 1171 1845 quoniam
1189 1810 1223 1833 et
1237 1802 1306 1834 dies
1324 1802 1454 1832 habitat
1467 1803 1505 1832 in
1523 1803 1608 1833 locis
1623 1802 1738 1835 inferis

228 1861 376 1901 indeque
396 1856 531 1898 prodire
554 1857 678 1898 qu0v1s
702 1866 801 1886 mane
813 1855 1024 1895 credebatur,
1045 1863 1122 1896 post
1145 1863 1332 1886 extremum
1357 1862 1461 1894 terrae
1477 1854 1645 1886 finitorem
1663 1859 1736 1897 pro*-

214 1905 394 1958 ‘gredienffi
416 1909 507 1950 (vid.
522 1904 652 1952 Theog.
677 1910 698 1940 1.
725 1911 766 1950 c.)
789 1909 836 1940 ibi
862 1915 965 1939 naeus
989 1919 1062 1941 esse
1087 1908 1155 1938 diei
1175 1907 1318 1937 debebat
1341 1914 1374 1937 et
1395 1916 1489 1938 nunc
1511 1910 1619 1950 primo
1640 1920 1739 1942 mane

231 1968 308 1998 iude
331 1974 544 2006 progressus:
582 1973 683 2005 quare
703 1964 847 1994 Hemere
870 1962 937 1993 filia
962 1969 996 1992 et
1024 1961 1143 1991 Noctis
1164 1968 1202 1991 et
1222 1961 1326 2008 grabi
1346 1968 1408 1996 est,
1437 1963 1612 2004 utriusque
1629 1964 1737 1995 hemi-

232 2020 373 2063 sphaerii
397 2017 632 2049 Obscuritatis.
657 2027 690 2048 v.
718 2020 789 2056 124.
830 2017 877 2047 At
900 2025 970 2058 quo
996 2021 1095 2056 pacto
1117 2013 1200 2044 Dies
1223 2015 1291 2053 jam
1312 2011 1386 2045 fieri
1407 2016 1563 2056 potuen't,
1586 2025 1666 2047 cum
1681 2017 1740 2048 Sol

231 2074 384 2105 nondum
402 2073 446 2103 sit
467 2079 501 2102 et
524 2079 603 2112 post
622 2072 758 2114 aliquot
781 2071 923 2102 demum
948 2068 1083 2100 futurus
1109 2069 1152 2099 sit
1174 2069 1416 2111 generationes,
1444 2071 1472 2100 si
1492 2070 1569 2112 quis
1593 2079 1738 2112 quaerat,

231 2128 332 2158 Diem
346 2137 363 2156 a
379 2126 454 2156 Sole
467 2135 537 2156 non
554 2124 709 2166 pendere,
731 2132 770 2155 ut
785 2125 905 2167 quovis
921 2133 1033 2159 mane,
1053 2124 1097 2153 ita
1110 2115 1221 2163 Primo
1240 2123 1359 2153 visum
1374 2132 1447 2154 esse
1458 2122 1592 2155 Graecis
1603 2133 1736 2156 orarum

1642 2188 1739 2209 mau-
