1973 2714
960 240 1000 276 41

232 337 347 368 saltem
372 346 411 368 ex
437 337 476 368 iis
499 336 652 367 notiones
677 335 832 379 singulas,
862 334 916 365 vel
947 333 1120 376 adoptasse
1151 333 1313 377 Orphicos
1345 342 1487 371 constat,
1514 336 1569 367 vel
1592 334 1730 378 Orpheo

231 390 382 422 tribuisse
400 392 608 433 impostores,
631 391 823 432 quicunque
839 395 936 425 sunt;
959 398 1026 430 quo
1034 398 1115 418 vero
1132 395 1294 429 tempore,
1319 384 1434 419 utrum
1448 392 1514 428 jam
1529 398 1607 421 ante
1616 390 1728 421 Plato-

232 454 320 480 nem,
352 455 394 475 an
427 446 539 479 serius,
562 445 737 474 incertum.
781 442 810 473 E
832 442 963 473 Persica
992 442 1167 484 religione,
1197 449 1231 472 et
1260 442 1352 483 quod
1381 443 1515 474 videtur
1543 454 1583 479 ex
1613 443 1728 475 Indica

230 508 377 538 quoque,
403 499 558 527 notiones
588 504 734 537 receptas
766 503 800 526 et
831 495 966 535 Orpheo
997 494 1177 535 adscriptas
1204 493 1311 535 *fuisse
1342 503 1419 526 ante
1448 496 1662 527 Herodotum
1690 498 1726 527 in

232 549 386 581 confesso
410 547 504 585 foret,
526 550 553 580 si
574 549 742 580 Damascii
764 554 881 580 auctor
902 547 1095 579 Hellanicus
1116 556 1178 589 pro
1203 547 1343 589 antiquo
1373 547 1432 579 illo
1455 547 1726 591 historiographo

230 600 315 633 esset
338 602 519 639 habendus.
563 603 688 633 Saltem
710 602 834 643 absque
856 602 950 632 omni
971 601 1206 642 probabilitate
1230 608 1290 636 est,
1314 600 1409 643 quod
1432 602 1643 632 acutissimus
1669 603 1727 632 Vir

230 656 477 686 Tiedemannus
500 656 629 686 censuit
650 654 739 689 olim,
760 661 837 684 ante
859 654 1036 684 Platonem
1059 661 1092 684 et
1115 654 1329 685 Aristotelem
1361 654 1448 684 nihil
1475 645 1539 684 uisi
1560 654 1728 697 Pythago-

228 710 294 741 rica
325 717 357 741 et
386 720 403 741 a
432 708 514 740 solis
537 707 763 751 Pythagoreis
795 705 930 749 Orpheo
961 705 1062 738 fuisse
1090 708 1271 749 supposita.
1318 706 1405 738 Nam
1437 708 1512 750 quis
1544 709 1637 743 sciat,
1668 709 1727 751 qui

229 765 347 805 scripta
370 774 453 805 quae
476 765 541 802 jam
564 769 729 794 memorat
748 761 855 796 Plato,
880 762 939 803 qui
968 761 1091 805 dogma
1114 752 1475 796 Heracliticumssillud.
1509 764 1568 804 qui
1589 763 1640 796 sun
1663 761 1728 804 ’Of-

226 822 308 855 φιια,
336 816 376 847 ab
401 816 576 847 Aristotele
597 814 739 846 falsitate
760 820 885 849 notata,
910 815 1121 855 supposuerit
1145 812 1290 856 inheo‚
1329 821 1363 844 et
1385 814 1525 856 quando
1552 817 1729 857 supposita

226 873 294 901 sint
317 872 428 900 omnia
451 871 507 899 illa
527 870 643 903 aliena,
673 878 758 909 quae
781 869 816 897 in
837 867 964 906 mythis
986 866 1304 907 deprehenduntur?
1325 868 1398 899 Imo
1423 868 1605 911 Euripides
1628 871 1728 900 novit

225 924 386 963 mythum
409 921 450 951 de
471 920 617 954 Baccho,
646 920 705 960 qui
728 919 856 949 alienus
879 917 1016 960 quidem
1044 918 1103 949 sed
1130 920 1271 950 minime
1293 920 1537 965 Pythagoricus
1561 928 1622 952 est.
1653 921 1724 952 vid

226 974 302 1006 infr.

310 1081 426 1125 Itaque
454 1089 492 1111 ex
521 1079 737 1122 religionibus
768 1086 801 1110 et
830 1079 975 1121 antiquis
1004 1079 1360 1125 philosophemanus,
1391 1091 1423 1111 v.
1457 1091 1485 1112 c.
1515 1082 1723 1123 Pherecydis

206 1135 311 1175 ‚S'yrii
334 1134 485 1173 desumta
507 1140 541 1164 et
558 1134 730 1175 supposita
753 1134 818 1171 jam
839 1134 908 1177 ipsa
933 1132 1113 1164 afferebant
1136 1136 1281 1175 speciem
1304 1136 1508 1176 antiquitatis
1532 1137 1567 1165 iu
1591 1128 1724 1167 cosmo-

225 1189 340 1229 gonias
364 1186 535 1228 Orphicas‚
558 1196 638 1228 quas
660 1195 700 1215 ex
723 1184 927 1215 diversarum
956 1187 1159 1228 religionum
1194 1195 1227 1216 et
1255 1188 1544 1228 philosophiamm
1574 1191 1725 1220 notioni-

224 1241 286 1271 bus
319 1246 489 1270 contextas
525 1238 725 1268 videbimus.
777 1237 907 1268 Deinde
943 1248 1036 1271 verov
1052 1240 1139 1268 inter
1168 1237 1332 1280 Orphicos
1366 1248 1443 1271 nata
1483 1249 1533 1272 est
1563 1245 1724 1279 συμβολικη

222 1294 381 1333 mythica‚
415 1302 499 1333 quae
520 1291 561 1321 ad
583 1291 749 1332 exemplar
779 1292 943 1332 genuinae
973 1299 1006 1321 et
1037 1293 1240 1327 vetustioris,
1270 1304 1336 1334 qua
1366 1302 1406 1324 ut
1433 1302 1572 1325 naturae
1602 1304 1724 1326 eventa

222 1347 439 1389 enunciarent
461 1343 522 1374 feri
543 1343 660 1374 Graeci
681 1350 715 1373 et
736 1344 876 1378 barbari,
906 1345 1029 1374 mentis
1061 1353 1177 1374 eorum
1207 1353 1326 1375 natura
1356 1353 1390 1376 et
1420 1346 1550 1377 indoles
1581 1349 1724 1390 cogebat

222 1399 279 1438 (cf.
303 1399 344 1428 de
370 1399 484 1439 theog.
508 1396 674 1435 Hesiodi),
703 1398 895 1444 recentioris
917 1397 1151 1437 philosophiae
1176 1399 1296 1438 placita
1327 1406 1361 1429 et
1390 1401 1541 1440 ipsorum
1578 1403 1724 1443 cogitata

202 1452 370 1492 ,mythica
400 1449 544 1492 quadam
573 1456 642 1479 arte
674 1448 806 1479 elocuta
836 1455 885 1478 est
913 1450 1020 1490 iisque
1050 1450 1249 1489 mychomm
1281 1458 1437 1481 naturam
1467 1453 1631 1493 praebuit.
1674 1455 1723 1485 Ita

221 1506 328 1536 multa
356 1503 561 1546 antiquitatis
582 1502 728 1545 speciem
749 1501 886 1537 habent,
909 1512 994 1544 quae
1017 1512 1107 1533 nova
1130 1510 1163 1533 et
1195 1506 1366 1545 supposita
1396 1513 1485 1536 sunt.

200 1647 202 1649 Ι
304 1609 429 1639 Verum
450 1616 494 1637 ne
526 1608 561 1636 in
591 1607 643 1637 his
676 1606 801 1647 diutius
834 1615 1032 1641 commorer,
1065 1617 1200 1648 pergam
1234 1618 1327 1638 nunc
1349 1609 1391 1638 ad
1411 1611 1518 1650 ipsam
1542 1621 1721 1654 cosmogo-

219 1665 310 1694 niam
334 1661 525 1702 Orphicam‚
556 1666 589 1688 et
618 1660 747 1701 omissis
777 1659 942 1699 prioribus
976 1659 1045 1697 ejus
1078 1658 1206 1689 duabus
1237 1662 1444 1697 notionibus,
1476 1674 1535 1704 per
1559 1675 1594 1695 se
1616 1668 1721 1696 mani-

220 1716 321 1750 festis,
344 1722 377 1744 et
400 1723 483 1755 quae
507 1711 591 1742 iufra
614 1711 751 1745 demum
774 1713 809 1740 in
832 1720 971 1741 censum
993 1712 1141 1754 Venient,
1165 1714 1279 1742 statim
1304 1724 1400 1755 agam
1424 1715 1465 1745 de
1489 1716 1634 1747 Hercule
1649 1720 1721 1749 sive

221 1768 368 1807 Chrono.
432 1764 570 1795 Vexavit
596 1766 623 1794 is
653 1764 768 1794 multis
790 1762 899 1793 modis
921 1764 1126 1804 interpretes,
1148 1764 1207 1795 sed
1236 1769 1465 1806 piaetermitto
1497 1779 1583 1811 quae
1608 1770 1720 1812 dispu-

219 1824 304 1855 tavit
325 1819 571 1852 Tiedemannus
603 1818 625 1849 1.
648 1827 675 1849 c.
705 1823 739 1848 et
768 1816 980 1848 Hermannus
1008 1818 1197 1861 mytholog.
1230 1819 1343 1854 T.111.
1375 1832 1407 1864 p.
1441 1829 1527 1863 309„
1559 1825 1618 1867 qui
1648 1835 1719 1857 110„

219 1879 290 1909 sine
313 1874 517 1917 'ambagibus
548 1873 644 1903 illum
674 1860 821 1901 vindicat
853 1863 1000 1913 Agypto.
1070 1872 1196 1902 Mirum
1228 1881 1351 1909 autem,
1382 1878 1553 1908 neminem
1585 1879 1718 1913 vidisse.

217 1931 311 1961 hunc
333 1934 521 1970 serpentem
544 1936 622 1957 cum
646 1926 731 1956 tauri
753 1931 786 1955 et
807 1924 910 1955 leonis
934 1924 1097 1966 capitibus
1127 1927 1301 1969 aureisque
1325 1928 1382 1959 alis
1405 1929 1485 1968 (has
1508 1931 1600 1961 cuim
1625 1932 1719 1963 addit

217 1982 426 2020 Damascius)
448 1982 484 2011 in
508 1979 733 2026 Orphicorum
763 1979 970 2020 mythologia
1007 1977 1106 2009 fui'sse
1156 1979 1245 2009 Solis
1276 1981 1381 2017 deum,
1411 1982 1445 2011 id
1476 1984 1569 2024 quod
1603 1988 1719 2017 onmia

201 2031 394 2068 declarant.
439 2033 593 2063 Primum
624 2033 715 2063 euim
737 2033 772 2062 in
796 2032 925 2072 hymno
948 2031 1128 2062 undecimo
1152 2034 1297 2063 occurrit
1330 2034 1501 2071 Hercules,
1529 2039 1592 2079 qui
1623 2040 1720 2081 Plura

218 2091 296 2124 solis
318 2087 462 2130 epitheta
485 2086 595 2117 habet.
639 2087 730 2115 Τιταν
762 2083 875 2122 aluums
902 2096 934 2116 v.
964 2094 994 2125 9.
1026 2093 1058 2116 et
1093 2098 1200 2122 μαντις,
1232 2090 1333 2123 (nam
1356 2088 1413 2118 Sol
1445 2090 1480 2119 in
1502 2092 1632 2131 mythis
1659 2093 1719 2123 Or-

218 2139 324 2188 Pfficis
347 2139 464 2185 Apollo
479 2140 574 2184 vest.).
603 2138 696 2170 Idem
725 2149 758 2170 v.
785 2137 833 2170 1'1.
857 2149 1013 2170 auroram
1036 2145 1068 2188 ξι
1091 2140 1243 2178 Noctem*
1256 2141 1290 2171 in
1314 2142 1428 2182 capite
1448 2153 1566 2183 gerere
1596 2145 1720 2177 dicitur

254 2208 355 2234 Kanne
374 2200 504 2230 analecta.
1171 2193 1197 2225 F
1646 2202 1667 2231 i.
1691 2212 1718 2233 e.
