1973 2714
971 218 1015 257 46

324 315 415 358 Quid
443 313 548 345 vero?
586 314 752 344 <Hercules
788 313 944 354 deinceps
977 313 1113 355 gignere
1144 313 1269 343 dicitur
1299 313 1443 344 immane
1462 323 1582 355 vovum,
1628 325 1647 346 e
1677 326 1745 360 quo

238 369 324 400 fiunt
362 368 498 400 Caelum
528 374 561 398 et
599 368 711 404 Terra,
742 368 781 407 k)
812 374 845 398 et
878 373 990 398 tamen
1017 367 1087 408 ipse
1113 376 1152 397 ex
1175 376 1270 409 aqua,
1293 377 1378 409 quae
1402 368 1585 410 obtegebat
1606 367 1744 400 Terram

239 431 272 455 et
296 424 365 465 ipsa
388 433 406 454 e
429 422 530 453 Terra
551 429 649 453 natus
674 420 791 452 fuerat.
824 421 945 452 Nonne
968 421 1071 462 igitur
1093 420 1187 451 aliter
1216 421 1476 463 intelligendum
1499 421 1583 452 illud
1614 421 1655 453 de
1679 424 1744 464 pri-

238 478 301 507 mis
323 476 507 518 principiis,
531 485 616 517 aqua
637 482 672 505 et
694 482 788 509 terra,
812 473 997 515 placitum?
1028 474 1152 515 Utique
1174 474 1269 506 aliter
1289 480 1410 515 potest.
1452 474 1541 505 Nam
1570 484 1642 516 pars
1673 475 1745 516 phi·

236 529 469 571 losophorum,
491 529 629 571 ipseque
651 526 785 559 videtur
806 526 938 562 Thales,
960 536 1032 557 non
1055 533 1239 559 statuerant
1260 526 1373 563 chaos,
1389 535 1424 568 et
1442 537 1564 570 aquam
1580 538 1621 559 eo
1638 527 1746 560 modo

237 584 389 617 fecerant
413 584 568 614 onmium
591 592 700 613 rerum
723 581 937 622 principium,
962 591 1030 625 quo
1055 581 1111 612 alii
1134 571 1254 618 aerem,
1277 588 1316 612 ut
1338 588 1424 614 esset
1444 582 1594 624 primum
1611 582 1744 614 elemen-

239 637 310 670 tu'm
334 640 454 679 (πρωτην
483 637 639 673 στοιχειον)
671 634 761 665 unde
791 641 918 665 caetera
950 643 1159 667 emanassent
1187 636 1243 667 vel
1275 634 1549 675 condensatione,
1569 643 1618 667 *ut
1650 627 1745 673 terra,

239 694 296 725 vel
318 692 492 723 subtiliore
515 688 611 723 facta,
633 692 697 719 a'e'r.
735 688 811 719 Hoc
834 690 937 730 igitur
959 699 1060 720 sensu
1082 691 1111 720 si
1134 688 1300 731 Orphicus
1322 691 1358 720 in
1381 691 1635 732 cosmogoniam
1658 700 1746 721 rece-

240 749 291 789 pit
314 746 346 776 id
371 742 648 789 philosophorum
672 742 845 783 placitum,
870 737 1050 774 Hefculem
1076 753 1115 773 ex
1139 754 1179 774 eo
1202 744 1371 774 elemento
1394 751 1513 774 natum
1545 753 1616 774 esse
1639 751 1672 774 et
1697 751 1746 775 to-

239 808 317 832 tum
348 797 466 830 deinde
494 795 663 827 mundum
694 806 734 826 ex
764 806 799 827 se
827 805 1016 838 procreasse
1047 807 1177 828 narrare
1205 798 1327 839 potuit.
1388 796 1540 829 Mundus
1574 797 1666 830 enim
1698 799 1746 829 sic

238 865 309 886 non
338 853 435 884 latuit
462 851 526 881 sub
556 860 641 892 aqua
668 856 759 881 statu
788 850 955 886 ehaotico‚
988 852 1124 893 quoin
1147 852 1226 894 aliis
1259 843 1513 893 cosmogoniis‚'
1532 858 1566 882 et
1595 852 1745 893 primum

239 919 342 952 aquae
371 907 588 939 elementum,
634 902 793 933 daturum
821 903 960 934 Herculi
988 905 1179 948 originem,
1207 905 1384 934 minimam
1414 911 1575 946 quantam
1617 912 1747 945 poterat

237 969 366 1006 partem
397 956 535 990 efficere.
581 956 625 988 At
653 957 777 988 misero
814 963 927 987 tamen
944 954 1063 987 &nodo
1094 954 1262 998 Orphieus
1292 956 1378 988 illud
1416 967 1434 988 e
1468 957 1678 999 philosophis
1713 964 1746 988 et

239 1019 380 1049 altemm
411 1012 453 1045 de
481 1011 628 1042 Hercule
656 1009 778 1041 muudi
807 1011 959 1052 genitore
989 1010 1152 1052 placitum
1182 1021 1201 1042 e
1232 1011 1358 1052 mythis
1390 1001 1585 1053 Ᾰὸγρῑίἃεὶε
1616 1020 1746 1042 consar-

241 1073 367 1103 cinasse
389 1073 424 1097 et
445 1066 482 1095 in
504 1071 649 1105 systema
671 1063 811 1105 aliquod
834 1064 1032 1105 compilasse
1054 1063 1232 1095 videretur.
1278 1064 1365 1096 Nam
1386 1065 1527 1107 Agyptii
1560 1065 1661 1095 simili
1683 1072 1743 1095 tra-

241 1123 400 1155 diderunt
420 1117 525 1148 modo
549 1117 593 1147 de'
614 1116 698 1146 lucis
721 1116 784 1146 deo
806 1117 913 1152 Phne,
939 1117 981 1147 ab
1013 1114 1249 1158 interpretibus
1275 1117 1439 1159 appellato
1471 1117 1634 1159 Ρξιαηεεε,
1666 1118 1745 1159 (qui

238 1177 330 1209 idem
361 1181 395 1206 et
425 1173 462 1203 in
484 1169 641 1212 Orphicis
671 1177 721 1201 est
745 1176 847 1212 atque
876 1171 913 1200 in
945 1169 1098 1209 Herculis
1116 1169 1208 1210 ‚Solis
1235 1180 1414 1212 personam
1435 1171 1537 1207 abiit;
1565 1170 1607 1202 cf.
1631 1169 1740 1211 infra)

238 1230 399 1261 nimirum
415 1223 584 1255 mundum
607 1224 804 1253 universum
827 1224 884 1252 ovi
907 1221 1015 1253 forma
1040 1232 1079 1252 ex
1110 1232 1166 1253 ore
1189 1225 1261 1264 ejus
1283 1223 1453 1263 prodiisse.
1507 1223 1740 1254 Nihilominus

238 1291 353 1316 tamen
380 1276 572 1309 verosimile
601 1281 661 1310 est,
690 1275 755 1306 nisi
778 1275 908 1317 placeat
925 1276 1048 1316 potius,
1078 1282 1207 1317 partem
1239 1286 1353 1315 earum
1382 1277 1563 1318 notionum
1580 1277 1633 1308 ab
1656 1274 1747 1318 A'gy·

241 1336 336 1379 ptiis,
354 1338 483 1376 partem
499 1329 540 1360 ab
558 1328 656 1359 Indis
670 1335 862 1360 mutuatam
878 1335 912 1358 et
928 1334 1103 1370 utramque
1116 1329 1204 1359 inter
1216 1340 1252 1360 se
1267 1335 1461 1361 contextam
1478 1340 1548 1370 esse
1561 1340 1579 1361 a
1597 1330 1744 1374 quodam
1796 1370 1798 1372 Ι

243 1389 405 1431 Orphico.
450 1384 495 1413 Et
522 1383 615 1412 enim
644 1381 720 1411 Indi
747 1381 918 1411 mundum
948 1380 1056 1412 forma
1087 1383 1144 1412 ovi
1176 1382 1325 1427 undique
1355 1389 1439 1413 testa
1480 1384 1603 1414 inclusi
1632 1391 1745 1414 natare

241 1441 417 1475 tradebant
438 1445 537 1477 super
556 1444 652 1476 aqua,
676 1444 763 1475 quae
785 1439 885 1464 extra
907 1433 1063 1464 mundum
1085 1434 1141 1464 sic.
1169 1432 1212 1465 cf.
1236 1434 1405 1468 Abraham
1422 1435 1552 1487 Rogers
1584 1436 1739 1479 verborg.
1748 1466 1751 1470 ,

240 1492 485 1537 Heydenthum
507 1499 539 1529 p.
564 1491 637 1525 288·
660 1491 727 1526 428
729 1496 811 1527 ⁶9.
844 1492 916 1525 282.
962 1488 1055 1519 Haec
1085 1488 1188 1529 igitur
1217 1498 1301 1530 aqua
1333 1495 1445 1529 posset
1471 1488 1557 1518 illud
1587 1491 1741 1527 omnium

240 1557 352 1581 rerum
374 1553 445 1575 esse
467 1541 682 1583 principium,
706 1550 745 1570 ex
769 1550 805 1570 ea
828 1546 925 1570 natus
948 1550 1019 1570 esse
1043 1540 1213 1574 Hercules,
1239 1541 1334 1581 isque
1363 1540 1485 1577 deinde
1509 1541 1678 1577 mundum
1704 1552 1743 1572 ex

240 1614 275 1635 se
296 1604 475 1643 pronatum
497 1602 601 1636 aquae
622 1592 671 1622 illi
693 1593 901 1634 imposuisse.
946 1593 995 1623 Ita
1016 1602 1096 1623 vero
1118 1592 1339 1631 rejiciendum
1362 1591 1459 1628 foret,
1489 1593 1584 1635 quod
1604 1595 1740 1626 Damas-

242 1658 312 1688 cius
338 1652 507 1683 diversum
536 1646 639 1677 habet
661 1646 702 1677 ab
734 1645 957 1689 Athenagora,
982 1645 1148 1688 hujusque
1182 1647 1360 1677 auctoritas
1392 1645 1615 1687 praeferenda.
1657 1647 1744 1678 Nam

243 1717 326 1752 quae
354 1705 395 1735 de
424 1711 509 1744 aqua
538 1706 572 1730 et
601 1700 685 1739 lim-o
717 1700 855 1743 exponit
883 1699 1121 1743 Athenagoras,
1162 1699 1248 1731 bene
1278 1706 1420 1743 possunt
1436 1709 1635 1741 congruere
1664 1711 1743 1732 cum

242 1761 353 1794 fabula
373 1755 500 1790 Indica,
524 1762 609 1796 quae
638 1752 705 1788 ille,
734 1753 884 1784 minime.

197 1896 200 1899 Α
329 1856 425 1898 Quae
452 1860 534 1882 vero
564 1850 675 1881 omnia
703 1850 730 1880 si
761 1850 858 1885 nolis,
894 1851 1011 1881 tertia·
1022 1859 1093 1881 rem
1117 1849 1315 1891 expediendi
1335 1857 1485 1892 superest
1507 1852 1561 1882 via
1586 1858 1620 1882 et
1641 1852 1737 1882 ratio.

241 1912 418 1945 Persistere
446 1907 538 1938 enim
568 1904 673 1947 possis
701 1904 736 1934 in
761 1904 870 1946 priore
900 1911 934 1934 et
963 1904 1100 1946 vulgata
1129 1904 1351 1944 explicatione
1380 1914 1485 1948 aquae
1507 1905 1610 1948 primi
1628 1915 1742 1939 rerum

1657 1960 1745 2000 prin·

313 2047 348 2083 k)
366 2045 515 2074 Mundum
534 2044 614 2071 enim
633 2043 686 2070 ovi
704 2041 799 2070 forma
818 2042 1026 2080 cogitaverunt
1036 2040 1171 2078 Orphici.
1189 2041 1225 2069 cf.
1239 2042 1333 2072 Van-o
1351 2042 1430 2079 apud
1447 2042 1578 2070 Probum
1592 2042 1628 2069 ad
1636 2040 1744 2078 Vir-gil.

349 2090 448 2128 Eolog.
466 2091 517 2120 Vl.
535 2086 665 2116 Mac-rob.
680 2089 796 2116 Saturn.
806 2088 872 2117 VII.
892 2087 934 2115 16.
949 2084 1079 2115 Achilles
1097 2086 1160 2114 Tnt.
1176 2086 1211 2113 nd
1227 2088 1305 2115 Ant.
1321 2086 1476 2125 phaonem.
1492 2096 1553 2124 cap.
1560 2086 1587 2115 6.
1604 2093 1632 2119 et
1642 2085 1742 2113 eadem

350 2143 394 2165 ost
409 2134 537 2176 mundus
551 2134 586 2162 in
606 2133 683 2163 Chao
702 2132 780 2171 apud
796 2131 1134 2172 Clemenz‘Romnain
1151 2132 1343 2170 cosmogonia
1362 2131 1502 2170 Orphica.
1528 2131 1564 2159 de
1580 2140 1637 2169 qua
1654 2130 1739 2160 infra.

864 2685 1008 2706 '‘q-“0⁴⁸'‘
1024 2682 1141 2714 '-:--‹
1202 2685 1456 2714 'fmj-,LAffikbgwp-532-
1470 2696 1485 2700 ι
1501 2693 1535 2700 --„
1579 2698 1582 2701 .
1613 2699 1616 2701 .
