1973 2714
950 194 992 228 85

225 288 394 330 religionis
412 285 580 329 popularis
604 286 774 317 desumtos
794 285 852 316 illo
872 286 908 315 in
931 285 1006 316 loco
1029 286 1142 327 posuit
1160 292 1270 325 poeta,
1291 285 1366 326 quia
1390 280 1584 325 praecedere
1601 285 1720 309 eorum

225 342 391 383 generatio
415 341 556 379 debebat
577 341 705 374 Iovem,
733 339 931 379 Neptunum
961 345 1036 372 etc.,
1066 339 1220 377 proximo
1250 337 1407 377 deinceps
1436 340 1616 376 systemate
1644 340 1721 372 pro-

221 393 418 435 gignendos.
461 395 579 435 Longo
609 395 769 423 nimirum
800 400 952 432 tempore
979 398 1057 421 ante
1085 390 1338 432 philosophema
1369 389 1544 421 conditum
1573 385 1719 417 Graecos

222 448 425 488 excogitasse
448 454 507 477 aut
534 448 700 487 accepisse
731 445 873 476 deorum
901 455 1040 475 suorum
1068 450 1222 485 parentes
1253 442 1408 473 credibile
1436 449 1494 473 est.
1569 436 1717 487 Quando

222 510 300 530 vero
323 501 394 531 nati
415 507 533 536 essent,
555 501 583 531 si
606 499 819 542 quaerebant,
841 499 910 529 hoc
931 499 1059 529 nescire
1083 497 1250 528 debebant
1273 503 1307 526 et
1336 495 1486 527 Cronum
1514 503 1631 525 eorum
1661 500 1718 533 pa-

222 559 306 582 trem
336 562 407 583 esse
435 553 543 584 dicere
574 555 597 583 i.
620 563 649 583 e.
672 553 847 593 Temporis
870 552 982 586 deum,
1011 553 1112 582 simili
1141 551 1247 581 modo
1276 560 1345 591 quo
1379 548 1547 588 Orphicus
1575 548 1717 587 primam

220 607 391 637 materiam
417 605 525 637 Chaos
549 617 567 637 e
589 607 758 648 Tempore
779 613 889 636 natam
914 607 1036 647 posuit.
1081 604 1224 635 Matrem
1246 610 1361 634 autem
1384 601 1529 632 deorum
1551 598 1718 629 debebant

221 661 438 696 commerciis,
483 662 676 702 cognationi
701 662 854 703 gentium
882 670 1063 701 earumque
1101 657 1371 701 migrationibus,
1415 665 1501 698 quae
1531 652 1716 694 antiquitus

221 713 433 743 obtinuerant
455 714 541 743 inter
562 715 651 755 ipsos
678 714 899 755 et-Phryges,
925 713 1014 754 apud
1044 722 1129 755 quos
1161 712 1272 741 Rheia
1300 717 1409 740 mater
1437 708 1582 739 deorum
1609 713 1719 746 usque

221 767 309 797 culta
338 774 415 797 esta»
441 766 488 797 Ita
515 768 551 797 in
579 767 707 807 mythis
738 769 772 809 g)
800 767 936 809 vulgata
966 773 1034 797 erat
1064 767 1200 807 antiqua
1226 766 1326 795 maris
1352 763 1412 794 dea
1441 762 1575 802 Thetys,
1607 757 1720 788 neuti—

220 830 321 860 quam
344 827 486 860 coguata
510 829 589 849 cum
610 821 698 849 Jovis
721 819 855 850 familia.
899 820 942 850 Et
974 821 1073 858 hujus
1095 821 1199 860 igitur
1220 818 1426 860 generationi
1446 817 1543 847 locus
1565 813 1717 860 adsigna-

219 879 274 902 tus
306 879 356 901 est
386 873 471 902 inter
502 871 686 902 Titanides.
728 873 883 913 Denique
912 879 1025 902 autem
1056 873 1151 910 cnjus
1175 872 1218 902 sit
1245 869 1450 912 significatus
1476 875 1590 899 sextus
1611 865 1716 894 Titan

217 924 370 964 Iapetus,
389 925 641 960 incertum'est,
658 924 716 954 sed
737 925 853 954 itidem
878 925 1002 966 absque
1023 925 1163 954 notione
1193 924 1328 964 physica
1351 933 1422 953 esse
1448 921 1585 952 videtur
1612 924 1716 958 atque

216 985 368 1020 receptus
392 988 411 1008 e
432 978 568 1017 mythis,
591 978 651 1007 ubi
671 985 766 1019 pater
786 986 837 1009 est
857 978 1062 1013 Promethei,
1083 978 1259 1008 hominum
1282 984 1408 1011 auctor,
1430 976 1488 1017 qui
1509 971 1611 1005 simul
1632 977 1717 1009 Qum

217 1031 307 1061 Iovis
330 1030 641 1072 familia·i·egnante
669 1030 782 1061 Crono
811 1032 1086 1072 procreabuntur.
1125 1032 1213 1073 Ergo
1243 1032 1374 1071 Iapetus
1402 1038 1497 1059 nuuc
1516 1029 1584 1066 jam
1613 1030 1715 1066 geu-¹2-

217 1085 281 1114 rari
302 1083 429 1114 debuit.

302 1189 362 1219 His
384 1190 490 1230 igitur
513 1190 784 1230 generationibus
805 1190 956 1225 deorum,
976 1192 1137 1221 Titanum
1159 1199 1192 1221 et
1214 1191 1421 1225 Titanidum,
1445 1189 1578 1220 futurus
1598 1193 1718 1216 rerum-

217 1241 299 1273 ordo
328 1249 461 1272 tantum
489 1249 698 1284 praeparatus
728 1250 797 1274 est:
842 1243 962 1274 muudi
991 1242 1102 1274 futura
1132 1244 1271 1279 lumina,
1298 1244 1365 1279 Sol,
1399 1244 1503 1277 Luna,
1533 1239 1648 1271 Sidera
1677 1243 1717 1267 et

215 1296 335 1327 Stellae
356 1295 469 1326 adhuc
493 1291 643 1327 efficiunt
670 1298 820 1339 singulas
847 1299 961 1340 igneas
991 1299 1115 1329 moles:
1143 1305 1283 1329 naturae
1312 1297 1439 1328 ordinis
1469 1296 1530 1326 dea
1557 1291 1718 1325 noudum

215 1351 342 1391 peperit
363 1349 489 1379 Horasz
511 1348 639 1378 diversa
660 1350 781 1379 mundi
800 1360 911 1391 regua,
934 1350 1033 1380 inferi
1054 1352 1133 1385 loci,
1154 1351 1269 1386 Terra,
1287 1350 1394 1380 Maria
1415 1358 1450 1380 et
1472 1349 1629 1380 Oceanus
1651 1345 1717 1376 flu<

215 1404 291 1433 vius
319 1401 441 1433 adsunt
474 1401 613 1444 quidem
640 1403 723 1444 ipsa,
748 1410 849 1445 atque
876 1402 977 1443 Terra
1006 1413 1077 1434 nou
1099 1405 1165 1442 iarn
1187 1413 1291 1446 aquae
1320 1402 1483 1434 inundata-
1511 1408 1571 1436 est,
1601 1406 1637 1430 at
1665 1398 1714 1429 dii

216 1456 428 1497 singulorum
450 1452 577 1489 ἄνακτες,
598 1455 750 1485 nondum
775 1457 845 1486 nati
867 1464 957 1491 sunt,
977 1457 1035 1487 sed
1055 1458 1204 1498 primum
1226 1458 1380 1487 omnium
1408 1463 1561 1497 parentes
1579 1453 1714 1488 adsunt,

218 1507 363 1542 Cronus,
384 1507 491 1542 Rhea,
511 1507 651 1547 Thetys,
681 1507 845 1543 Oceanus,
874 1508 1015 1544 Pontus,
1044 1511 1131 1539 sicut
1154 1510 1334 1540 hominum
1356 1510 1502 1539 auctoris
1522 1514 1627 1548 pater.
1668 1505 1715 1536 Ae

214 1567 374 1602 aequente
397 1569 476 1590 cum
497 1561 691 1601 genealogia
714 1562 838 1591 omnia·
855 1561 1084 1597 absolventur,
1110 1569 1144 1592 et
1167 1562 1269 1593 Terra
1295 1568 1464 1602 praeterea
1489 1559 1629 1599 habebit
1648 1556 1713 1588 flu·

212 1614 287 1645 vios
308 1613 351 1643 ab
373 1611 521 1648 Oceano,
547 1619 737 1653 ventosque
755 1613 799 1642 ab
818 1613 967 1644 Astraeo.

1647 1661 1716 1694 Sed

283 1735 318 1771 g)
335 1735 445 1773 Forsan
454 1732 583 1770 antiquis
599 1733 829 1770 cosmogonicis,
846 1734 900 1771 qui
915 1743 1021 1772 aquam
1035 1743 1136 1762 rerum
1150 1734 1275 1762 initium
1290 1741 1463 1772 posuerant,
1480 1734 1612 1770 adeoque
1619 1731 1713 1759 ocea-

316 1790 392 1807 num
410 1787 439 1806 et
456 1779 614 1815 conjugem
631 1778 796 1815 Thetydem
813 1779 949 1807 omnium
966 1789 1067 1807 rerum
1081 1788 1195 1818 patrem
1212 1788 1241 1807 et
1257 1788 1391 1807 matrem.
1405 1779 1470 1807 vid.
1493 1780 1595 1817 (supra
1610 1777 1711 1805 locum

319 1823 469 1858 Homeri.)
506 1825 598 1852 Nunc
619 1833 693 1851 vero
716 1824 784 1851 haec
807 1833 910 1862 poetae
933 1833 1039 1853 nostro
1066 1836 1129 1853 non
1150 1826 1210 1861 jam
1237 1833 1298 1853 erat
1322 1825 1445 1852 daemon
1475 1824 1715 1861 cosmogonicus,

322 1869 371 1897 sed
389 1870 457 1901 dea..
473 1868 549 1896 sicut
567 1869 679 1904 conjux
703 1870 845 1902 Oceanus,
861 1880 950 1908 quem
968 1870 1038 1898 fecit
1050 1871 1190 1898 Titanem
1214 1878 1248 1898 nt
1270 1869 1352 1897 mam
1368 1869 1516 1900 Titanida,
1537 1870 1587 1903 sed
1610 1870 1652 1896 ita
1679 1877 1714 1896 ut

320 1915 431 1942 Oceani
453 1914 603 1951 generatio
631 1914 721 1942 simul
744 1915 783 1942 sit
800 1915 937 1944 notionis
952 1915 1089 1954 physicae
1115 1915 1198 1951 (vid.
1224 1915 1327 1952 infra).
1362 1915 1441 1944 Nan'r
1455 1914 1547 1942 unius
1565 1915 1713 1949 ejusdem-

322 1969 379 1996 que
405 1959 452 1986 dei
475 1960 667 1996 generatione
690 1968 720 1988 et
735 1960 945 1998 theogenicum
970 1969 997 1990 et
1014 1960 1104 1988 simul
1121 1961 1365 1998 cosmog'onicum
1380 1959 1479 1987 locum
1492 1959 1644 1987 interdum:
1660 1968 1714 1987 ex-

319 2002 403 2041 pleri,
429 2013 490 2031 non
513 2003 648 2035 dubium,
677 2012 710 2032 ut
734 2004 897 2033 Themidis.
935 2005 1045 2042 Thetys
1068 2013 1166 2033 autem
1188 2005 1369 2043 philosopho
1393 2006 1452 2039 iun
1482 2006 1628 2038 antiquior
1655 2005 1715 2032 dea

318 2047 386 2078 fuit,
422 2056 457 2075 ut
479 2049 545 2084 ejus
569 2049 728 2077 daemones
752 2050 961 2088 eosmogonici
980 2050 1146 2078 serioribus
1166 2051 1341 2079 nomnibus
1362 2050 1410 2078 dii
1425 2049 1613 2078 fidebant-uz
1633 2050 1713 2078 anti-

319 2102 450 2131 quiores.
481 2117 485 2120 .
1270 2101 1272 2103 ·
