1973 2714
946 333 991 373 96

212 435 383 479 potentiae
403 433 551 463 inessent
575 439 702 461 nomen
725 436 759 460 et
780 430 887 460 notio.
955 428 1102 459 Tertius.
1122 429 1242 460 Perses
1275 433 1398 470 conjux
1430 430 1578 462 Hecates
1606 433 1653 464 ‘ad
1675 434 1722 465 lo-

212 500 272 521 cos
297 487 421 519 inferos
446 486 613 528 pertinere
634 482 770 514 videtur
790 491 984 524 nomenque
1006 481 1097 512 idem
1119 481 1188 514 fere
1209 484 1296 514 velle
1320 484 1412 526 quod
1435 485 1677 526 Persephones.

298 595 459 637 Denique
483 602 576 623 nunc
597 601 638 622 ex
669 590 759 621 Coeo
783 597 817 620 et
840 588 976 619 Phoebe
1005 597 1223 631 procreantur
1243 591 1372 627 stellae,
1402 590 1556 633 (οἶσι-,μη
1583 600 1661 624 mta
1683 601 1723 624 ex

211 653 279 684 iuis
303 649 448 682 Asteria.
515 643 669 677 Secunda
700 642 766 674 filia
798 650 847 674 est
878 643 978 679 Leto,
1025 653 1111 686 quae
1143 643 1381 681 obscuritatem
1404 645 1522 677 Noctis
1545 645 1723 677 subfuscae

214 705 296 747 (die
318 701 497 734 sternhelle
520 699 652 736 Nacht)
674 696 849 727 denotasse
864 697 1009 727 videtur.
1054 696 1133 728 Ideo
1162 707 1232 729 una
1256 708 1335 729 cum
1359 699 1485 731 Asteria
1515 700 1664 730 nascitur
1688 706 1721 730 et

211 761 297 792 haec
319 754 464 789 immista,
486 753 563 795 quia
586 752 657 783 sine
679 757 781 781 nocte
800 759 873 780 non
890 750 1147 792 conspiciuntur
1163 752 1286 787 stellae,
1305 761 1388 794 ergo
1402 761 1473 791 {10¹1
1486 759 1567 784 sunt
1580 753 1633 791 (ex
1648 753 1721 782 1110,

212 823 288 843 rum
312 810 493 840 hominum
515 807 709 847 opinione).
742 804 876 835 Nomen
893 805 1010 836 saltem
1019 803 1130 846 prodit
1139 805 1387 837 obscuritatem,
1409 805 1478 838 Iam
1486 813 1615 837 veteres
1637 805 1720 836 deri-

211 871 295 896 vant
317 873 335 895 a
358 860 455 895 ληθιιν
477 860 635 899 (latere):
666 863 700 887 et
728 857 825 887 Plato
855 858 938 887 olim
959 858 1122 897 scriptum
1145 868 1215 887 esse
1239 858 1322 890 Λῃθ..
1344 866 1440 890 notat
1468 861 1504 892 in
1528 859 1664 900 Cratylo
1687 870 1720 901 P-

213 919 287 957 276.
331 916 443 958 Atque
464 915 493 945 si
517 913 707 955 Apollinem
738 918 773 941 et
792 910 943 942 Artemin
974 912 1040 950 jam
1070 911 1197 951 mythis
1225 911 1374 954 antiquis
1396 910 1511 945 Solem
1532 918 1568 943 et
1589 912 1721 944 Lunam

210 972 313 1003 fnissse
336 968 427 1000 credi
452 973 576 1008 posset,
604 972 638 995 et
666 966 748 994 hinc
775 965 948 1004 probabile
979 963 1075 999 foret,
1104 966 1267 996 Latonam
1292 963 1400 996 vfuisse
1430 965 1588 997 Noctem.
1632 966 1720 997 Nam

208 1027 346 1057 illorum
369 1028 477 1053 mater
497 1027 560 1055 est,
581 1018 639 1049 Sol
662 1024 775 1048 autem
798 1018 945 1059 ssquitur
966 1024 1042 1058 post
1073 1017 1229 1052 Noctem,
1257 1027 1336 1059 ergo
1368 1019 1438 1056 ejus
1467 1017 1555 1049 filius
1585 1025 1654 1050 erat
1683 1020 1719 1048 in

208 1080 325 1120 lingua
347 1075 510 1116 mythica.
555 1070 659 1113 Quod
682 1072 711 1101 si
732 1070 816 1101 illud
838 1072 883 1100 ita
910 1081 945 1101 se
976 1071 1123 1105 haberet,
1161 1072 1283 1101 iterum
1314 1071 1492 1101 haberetur
1517 1072 1717 1113 exemplum,

212 1129 388 1175 quomodo
412 1129 448 1157 in
472 1126 615 1159 diversas
638 1134 795 1166 personas
820 1123 1015 1162 disjunxerit
1034 1132 1109 1153 mos
1138 1124 1309 1163 mythicus
1340 1123 1456 1163 eadem
1485 1125 1718 1165 phaenomena

210 1188 246 1217 in
269 1184 406 1216 diversis
429 1181 623 1214 momentis,
647 1177 792 1209 Noctem
814 1177 918 1219 igitur
938 1187 998 1218 per
1017 1187 1063 1212 se,
1086 1183 1120 1207 et
1142 1175 1278 1218 quando
1309 1183 1360 1207 est
1385 1177 1488 1208 stellis
1510 1178 1651 1208 consita,

295 1289 450 1320 Tandem
473 1286 514 1317 ad
537 1287 624 1316 hanc
645 1285 786 1314 deorum
818 1284 1068 1325 generationem
1089 1291 1262 1315 numerata
1283 1291 1335 1316 est,
1357 1284 1496 1321 Hecate,
1526 1295 1566 1315 ex
1589 1284 1715 1316 Asteria

209 1354 242 1378 et
264 1345 363 1376 Perse
386 1348 472 1372 nata.
518 1339 697 1373 Homerus,
721 1336 814 1379 quod
836 1337 950 1371 sciam,
971 1346 1042 1367 non
1064 1338 1163 1367 novit
1186 1337 1347 1372 Hecaten,
1369 1347 1433 1367 nec
1457 1339 1643 1379 antiquitus
1666 1340 1714 1367 in-

210 1407 261 1429 ter
289 1397 442 1427 omnium
469 1393 628 1423 Graeciae
658 1392 811 1433 gentium
842 1389 920 1420 deos
951 1390 1067 1420 locum
1096 1390 1251 1421 habuisse
1278 1390 1422 1427 videtur,
1457 1391 1514 1422 sed
1546 1392 1647 1421 serius
1678 1392 1713 1422 in
1745 1379 1748 1383 ¹

209 1448 420 1491 theologiam
442 1447 561 1476 abiisse
583 1454 622 1474 ex
646 1443 772 1484 Orphei
793 1444 972 1482 mysteriis,
1003 1442 1065 1473 lubi
1086 1453 1190 1473 unam
1213 1448 1256 1474 ex*
1277 1443 1403 1474 deabus
1426 1445 1610 1484 praecipius
1635 1445 1713 1485 egit.

210 1505 262 1535 Ex
284 1501 403 1533 iisdem
426 1499 560 1538 Heynio
583 1504 673 1527 totus
689 1495 829 1526 Hesiodi
852 1496 946 1525 locus
969 1494 1141 1525 desumtus
1165 1495 1307 1530 videtur,
1329 1497 1388 1537 qui
1414 1498 1611 1527 universum
1633 1496 1713 1527 deae

211 1557 430 1588 fimetionum
451 1551 628 1582 cumulum
653 1550 759 1579 multa
787 1557 865 1578 cum
885 1538 1292 1594 copiositate-enumerat.
1358 1549 1470 1579 Insuta
1492 1559 1570 1579 sane
1602 1551 1712 1581 onmia

209 1622 225 1641 a
250 1608 365 1640 seriori
388 1609 497 1647 poeta,
518 1605 587 1646 qui,
615 1610 655 1633 ut
683 1602 850 1632 adtexeret
880 1601 961 1631 huic
990 1600 1132 1631 deorum
1156 1602 1377 1643 generationi,
1401 1601 1582 1633 advocavit
1601 1613 1711 1644 super-

208 1664 382 1695 stitionem
407 1659 579 1699 temporis,
598 1666 686 1699 quae
709 1654 970 1689 incantationes,
1003 1664 1144 1696 quarum
1167 1656 1302 1685 antistes
1325 1654 1450 1694 Hecate
1471 1662 1532 1689 est,
1560 1656 1595 1685 in
1622 1666 1711 1686 nexu

206 1717 320 1760 posuit
343 1723 423 1745 cum
445 1711 572 1743 seellis:
595 1718 695 1753 atque
717 1711 762 1740 ita
785 1709 934 1741 Hecaten
957 1706 1214 1750 fecitgAsteries
1234 1706 1347 1741 filiam.

291 2090 363 2120 Hac
393 2084 496 2130 igitur
523 2088 686 2117 Titanum
715 2085 877 2127 progenie
908 2091 985 2115 nata
1017 2094 1124 2127 eoque
1157 2084 1315 2116 omnibus
1345 2083 1412 2115 fere
1434 2095 1546 2117 rerum
1571 2094 1707 2117 naturae

202 2144 352 2187 partibus
380 2141 553 2176 absolutis,
583 2145 742 2181 superest,
769 2145 809 2168 ut
847 2137 980 2169 Cronus
1009 2138 1171 2168 Titanum
1199 2144 1282 2169 natu
1310 2139 1472 2169 minimus
1504 2149 1583 2169 cum
1608 2140 1708 2169 Rhea

203 2207 316 2229 sorore
338 2195 441 2226 finem
462 2193 561 2225 faciat
585 2193 823 2235 cosmogoniae
849 2191 1060 2233 procreandis
1092 2191 1295 2222 Graecorum
1309 2190 1396 2232 2diis,
1426 2192 1508 2223 Jove
1539 2201 1618 2222 cum
1646 2191 1707 2224 fra-

202 2250 310 2282 tribus
333 2247 578 2289 sororibusque.
623 2245 724 2277 Nunc
742 2246 837 2276 enim
862 2254 979 2277 comm
1001 2246 1095 2287 regni
1115 2252 1148 2276 et
1171 2245 1303 2287 imperii
1332 2245 1367 2275 in
1401 2245 1559 2277 omnibus
1588 2247 1708 2278 mundi

1638 2311 1707 2343 par-
