1973 2714
1016 230 1059 265 54

375 324 464 353 Tum
487 321 618 353 Amoris
640 329 782 362 persona
808 321 890 351 abiit
913 321 949 350 in
971 320 1108 355 Jovem,
1124 321 1203 362 quia
1226 322 1253 351 is
1276 322 1310 350 in
1333 321 1494 351 seriorum
1512 323 1638 362 mythis
1660 324 1793 356 valebat

294 386 356 418 pro
380 370 638 416 demiurgo'aut
661 383 723 415 pro
748 373 823 409 deo,
845 374 904 416 qui
928 374 1040 404 omnia
1062 374 1098 403 in
1121 382 1155 403 se
1180 367 1460 414 complecteretur
1481 381 1518 404 et
1537 370 1731 406 includeret.
1748 376 1791 407 cf.

289 429 400 459 Gesn.
413 427 452 458 fr.
475 427 531 457 111.
556 427 609 457 VI.
634 427 745 457 XXVI.
770 427 883 457 XXIX.
907 427 1024 466 hymn.
1052 426 1134 457 XIV.
1159 432 1234 460 etc„
1241 427 1431 457 nimirum
1448 436 1485 458 ea
1508 429 1648 459 notione
1665 416 1797 470 petitua

287 490 327 512 ex
354 479 560 521 Pherecydis
590 479 684 520 Syria
715 479 1031 520 Philosophematis,
1078 479 1138 520 qui
1167 479 1323 509 omnium
1353 488 1465 523 rerum
1495 480 1595 511 initio
1625 481 1791 516 statuebat

285 534 449 576 Tempus,
470 534 642 565 materiam
666 531 901 571 (Chthoniam)
924 539 958 562 et
979 531 1106 562 Iovem.
1131 531 1284 563 Damase.
1308 523 1380 573 cap.
1407 532 1489 563 XIV.
1512 543 1545 574 p.
1570 539 1642 574 259.
1681 534 1791 567 Theo-

286 587 370 630 phil.
397 586 439 618 ad
466 587 621 626 Autolyc.
652 585 681 615 11
721 584 851 621 7.1t,a
881 583 986 620 Amor
1020 584 1205 626 appellatur
1233 583 1370 625 Jupiter
1406 585 1442 615 in
1472 585 1583 617 v'erbia
1612 587 1789 618 Damascii.

287 641 379 683 Ergo
401 641 458 671 hic
479 639 569 671 idem
592 647 728 680 quoque
751 646 831 669 cum
852 637 930 669 Sole
953 644 989 669 et
1007 636 1144 669 Baccho
1166 636 1285 681 fragm.
1308 649 1359 681 ap.
1384 637 1534 674 Macrob.
1558 639 1583 670 1.
1607 647 1717 680 ⁵23·th
1742 645 1790 679 18.

287 694 445 735 Denique
475 693 600 733 Jupiter
630 690 823 732 demiurgus
852 692 887 720 in
918 689 1041 721 fabulis
1078 689 1233 732 Orphicis
1265 698 1378 723 toturn
1410 691 1580 722 mundum
1613 692 1789 725 devorasse

289 746 412 778 dicitur
434 752 466 776 et
493 743 724 787 reproduxisse
747 744 871 774 iterum
891 743 1007 792 Procl.
1032 744 1068 774 in
1091 735 1181 775 Tim.
1205 744 1243 775 11.
1267 755 1299 787 p.
1322 750 1376 785 95.
1401 743 1444 779 cf.
1468 744 1492 775 1.
1514 748 1568 785 49.
1592 744 1728 779 Aristot.
1750 746 1804 778 de>

288 799 405 832 mund.
428 808 499 840 cap.
522 805 553 836 7.
576 805 609 829 et
631 797 722 829 idem
744 806 838 829 ecce
844 794 996 829 nan-arur
1016 798 1118 829 etiam
1140 796 1182 829 de
1205 797 1357 830 Phanete
1378 798 1486 830 Procl.
1510 800 1546 829 in
1569 798 1658 831 Tim.
1681 810 1714 841 p.
1737 808 1797 841 99..

287 863 320 894 9.
344 853 478 895 Gregor.
501 850 660 883 Nazianz.
683 861 715 892 p.
737 859 792 891 99.
814 850 866 881 ed.
888 850 1004 881 Venet.
1033 850 1126 881 Suid.
1157 860 1190 881 v.
1224 850 1313 885 Φάνης
1335 851 1538 893 Athenagor.
1569 862 1603 893 p.
1634 858 1688 889 ·72.
1719 853 1791 883 aliia

288 914 465 948 utramque
487 904 638 937 fabulam
660 903 971 937 commiscentibus.
1014 903 1131 935 Iovem
1153 904 1245 934 enim
1279 905 1381 935 etiam
1402 904 1590 936 Phanetem
1613 904 1811 949 devorasse„

288 960 465 990 narrabant
486 957 595 989 Procl.
619 957 659 987 T.
683 957 722 987 11.
745 961 799 997 94.
822 957 937 987 Herm.
971 957 1008 986 in
1034 956 1071 988 fr.
1102 956 1193 987 ined.

376 1020 540 1056 Tandem,
571 1030 652 1052 cum
673 1020 710 1051 in
732 1012 960 1062 orphico'rum
981 1020 1108 1060 mythis
1133 1020 1210 1050 Pan
1231 1030 1250 1051 a
1276 1021 1499 1053 auo-nomine
1521 1019 1633 1063 (mn)
1653 1020 1793 1063 adeptus

289 1083 378 1110 esset
401 1075 568 1117 demiurgi
595 1081 630 1105 et
659 1074 811 1106 universi
841 1073 1071 1116 gubernatoris
1099 1075 1277 1105 notionem
1306 1074 1423 1115 hymn.
1447 1074 1485 1105 X.
1508 1074 1531 1105 I.
1560 1081 1683 1114 to.13.
1707 1084 1791 1117 sqq..

289 1136 325 1160 et
346 1129 436 1158 illius
458 1136 599 1168 persona
625 1127 750 1157 coaluit
773 1135 853 1156 cum
876 1126 1000 1157 Amore
1028 1125 1214 1168 demiurgo.
1240 1127 1343 1168 Hunc
1369 1128 1462 1158 enim
1483 1126 1611 1159 Panem
1636 1128 1805 1168 appellari.

288 1180 372 1212 dicit
392 1173 590 1211 Damascius
612 1185 647 1209 et
669 1184 834 1220 quatenus
849 1175 961 1208 Amor
983 1162 1075 1208 idem
1106 1185 1155 1209 est
1185 1184 1264 1209 cum
1293 1179 1376 1210 Iove
1410 1178 1595 1221 demiurgo,
1626 1178 1712 1212 Pani
1733 1187 1792 1210 no-

288 1244 369 1265 men
390 1231 457 1262 Znie
476 1229 606 1272 usgue-ris
626 1231 786 1261 tribuitur
805 1231 841 1260 in
864 1230 1006 1271 hymno,
1043 1230 1192 1271 epitheto
1218 1237 1358 1261 notante
1378 1238 1547 1272 pastorem
1575 1230 1678 1262 deum
1703 1241 1791 1263 arca-

291 1287 418 1321 dicum,
442 1285 582 1315 nomine
609 1283 750 1323 proprio
781 1290 895 1314 autem
919 1282 1438 1325 demiurgumjovemsidem,
1468 1284 1630 1326 quoniam
1661 1284 1794 1315 univer-

293 1351 370 1373 cum
391 1337 560 1370 mundum
576 1346 705 1367 nomen
727 1337 797 1374 ejus
818 1335 1077 1372 notabatsfilius
1099 1336 1208 1368 factus
1230 1344 1281 1368 est
1310 1337 1409 1368 aeris.
1430 1337 1523 1369 Shol.
1554 1328 1597 1369 ad
1618 1337 1791 1369 Theocrit.

293 1395 320 1426 1.
351 1399 433 1431 123„
455 1400 535 1421 cum
556 1390 668 1431 plures
685 1388 889 1430 philosophi,
911 1395 951 1419 ut
972 1388 1197 1430 Epimenides,
1220 1389 1393 1420 mundum
1409 1399 1450 1420 ex
1471 1393 1544 1421 aere
1571 1397 1690 1421 natum
1721 1400 1799 1421 ease*

294 1447 498 1479 docuissent,
528 1449 587 1474 aut
612 1440 706 1484 quod
729 1440 842 1476 Amor,
870 1450 1024 1483 quocum
1046 1440 1137 1472 idem
1161 1440 1271 1473 factus
1298 1448 1368 1473 erat
1389 1442 1425 1472 in
1450 1440 1626 1484 Orphicias
1639 1443 1798 1474 similiter.

292 1509 334 1532 ex
354 1498 489 1530 aethere
508 1501 608 1526 natus
628 1493 731 1525 fixisse
754 1492 935 1525 dicebatur.
959 1493 996 1526 V.
1019 1494 1168 1525 Lactant.
1198 1494 1221 1526 1.
1247 1503 1275 1525 c.
1300 1494 1408 1526 Procl.
1426 1495 1462 1525 in
1478 1489 1568 1526 Tim.
1586 1494 1625 1525 11.
1643 1505 1680 1536 p.
1698 1501 1768 1533 152.

378 1571 504 1613 Amore·
521 1574 611 1603 nato,
632 1565 737 1598 finem
760 1567 1000 1610 cosmogoniae
1022 1567 1168 1608 imponit
1190 1567 1397 1608 Damascius,
1420 1573 1454 1598 at
1486 1568 1532 1599 ita
1560 1577 1632 1599 non
1661 1566 1792 1600 finitam

291 1625 394 1657 fuisse
415 1625 451 1655 in
471 1619 656 1663 rhapsodiis
681 1618 847 1662 Orphicis.
880 1629 961 1663 quaa
992 1619 1129 1655 laudat,
1147 1620 1292 1664 maxime
1321 1619 1494 1661 probabile
1524 1627 1583 1651 est.
1628 1619 1794 1651 Videntur

292 1680 384 1711 enim
411 1676 475 1708 inis
505 1673 703 1705 notionibus
734 1672 777 1704 de
803 1673 911 1716 prima
939 1682 1051 1704 rerum
1076 1671 1272 1705 conditione
1302 1679 1337 1704 et
1366 1673 1495 1715 origine
1517 1682 1664 1705 annexae
1691 1672 1800 1706 fuisse*

294 1730 425 1761 fabulae
446 1726 669 1770 theogonicae
691 1725 732 1756 de
754 1725 877 1760 urano,
908 1724 1021 1757 Crono
1051 1733 1116 1757 etc.
1145 1732 1185 1756 ut
1214 1726 1251 1756 in
1282 1726 1393 1766 priore
1422 1726 1480 1756 illo
1503 1726 1796 1770 philosophemate

294 1780 386 1825 apud
408 1779 666 1821 Athenagoram,
689 1777 782 1820 quod
804 1777 925 1809 eodem
947 1778 1051 1810 modo
1075 1777 1250 1810 concludit
1271 1771 1683 1823 Damasciusjpostquam
1704 1767 1796 1810 inve-¹

293 1838 347 1868 nit
374 1843 440 1865 tres
462 1842 537 1864 suas
567 1830 696 1861 triades
725 1831 995 1873 Neoplatonicas‚
1026 1832 1149 1874 quibua
1170 1832 1278 1863 multa
1300 1832 1362 1863 alia
1390 1830 1597 1863 sacrificavit.
1617 1833 1621 1836 '
1640 1831 1729 1863 Illud
1754 1836 1797 1864 'ut‘

295 1888 440 1923 credam,
462 1896 518 1916 me
537 1891 679 1916 movent
701 1886 802 1917 multi
822 1886 872 1917 illi
897 1885 1009 1926 mythi
1031 1885 1238 1927 theogonio&
1262 1885 1321 1926 qui
1349 1894 1389 1915 ex
1410 1884 1559 1918 Hesiodo
1591 1884 1738 1918 desumti
1759 1895 1793 1919 at

296 1942 411 1974 multia
432 1937 544 1969 modis
564 1938 687 1968 mutati
704 1945 784 1970 sunt
805 1938 847 1970 ab
864 1936 1030 1978 Orphicia‚
1050 1938 1212 1981 nimirum
1232 1938 1267 1968 in
1291 1939 1528 1981 cosmogoniis‚
1549 1937 1654 1977 (sicut
1675 1940 1712 1971 in
1733 1941 1792 1972 illo

297 1998 475 2036 systemate
501 1989 691 2021 fabularum
714 1991 994 2034 theogonicanun
1016 1989 1106 2031 apud
1127 1989 1375 2032 Athenagoram
1396 1989 1525 2022 factum
1547 1993 1621 2031 est‚)
1646 1991 1792 2024 maxime

298 2055 380 2077 vero
416 2055 454 2075 ea
491 2043 632 2075 deorum
669 2043 863 2086 genealogia
900 2041 1047 2084 Orphica
1078 2041 1168 2085 apud
1203 2042 1381 2083 Timaeum
1415 2043 1489 2075 libr.
1511 2043 1567 2091 V..
1596 2054 1681 2088 quae
1718 2053 1796 2089 post

300 2099 486 2130 Phameam
507 2103 541 2129 et
564 2097 710 2129 Noctem
732 2096 864 2129 inducit
888 2096 1198 2133 Unnum,10veu‚
1218 2095 1395 2129 Bacchum
1409 2102 1472 2129 etc.

1693 2151 1797 2197 Quod
