1973 2714
962 191 1003 225 aa

231 289 473 318 maritimarum
495 285 623 320 incolis,
646 292 680 315 et
701 284 870 315 hodiernis
892 284 1030 314 aliamm
1052 286 1204 325 gentium
1230 286 1275 314 ita
1299 284 1404 315 videri
1427 287 1562 327 cogitet.
1630 285 1731 316 Diem

233 342 323 372 enirn
338 347 419 381 post
434 341 609 370 horizonta
624 348 662 368 ex
675 338 819 367 Tartaris
834 337 967 377 prodire
983 335 1164 366 credebant
1177 337 1235 371 illi,
1256 337 1368 367 Solem
1385 346 1499 369 contra
1524 344 1604 368 ant-e
1627 346 1731 369 extre·

232 405 327 425 mum
344 402 446 425 ten-ae
463 393 630 423 finitorem
647 392 724 429 oriri
742 401 780 421 ex
796 390 942 425 Oceano,
964 389 1083 424 fluvio,
1106 399 1209 431 quem
1224 390 1417 420 universum
1436 392 1550 422 orbem
1567 399 1728 423 terrarum

232 447 464 478 circumfluere
496 446 623 486 opinati
645 452 734 475 sunt.
777 445 867 486 Ergo
892 453 971 473 cum
991 443 1092 472 Diem
1116 443 1236 484 quovis
1268 453 1366 472 mane
1395 445 1460 481 jam
1491 446 1729 485 conspicerent,

230 500 365 544 quando
382 500 495 531 Solem
512 498 622 539 adhue
644 499 678 527 in
695 508 779 540 aqua
793 496 983 527 demersum
1005 496 1105 526 latere
1125 495 1315 531 credebant,
1336 503 1456 537 utpote
1480 497 1606 539 aliquot
1630 499 1726 530 horas

229 562 305 596 post
321 556 462 596 primam
477 553 543 584 diei
558 553 668 582 lucem
685 552 949 592 provenientem,
973 550 1039 581 diei
1052 550 1166 580 lumen
1183 561 1198 580 a
1215 550 1292 580 Sole
1306 551 1426 585 emitti,
1450 557 1489 579 ut
1503 560 1574 585 nos,
1596 551 1727 583 credere

228 616 297 637 non
317 614 479 648 poterant.
523 604 649 635 Eadem
664 615 705 634 ex
721 614 817 635 causa
833 605 975 638 Aurora,
1000 613 1069 632 non
1086 602 1163 638 filia,
1185 603 1244 633 sed
1265 604 1372 634 Soror
1387 603 1473 633 Solis
1493 604 1654 644 appellata
1668 611 1726 639 cst‚

227 662 344 701 utique
360 661 519 701 quoniam
535 659 695 699 apparuit,
734 667 813 688 cum
827 657 878 687 sol
891 656 1003 687 adhuc
1019 663 1104 687 esset
1119 658 1153 686 in
1167 656 1276 687 undis.

311 765 398 797 Cum
422 766 563 796 Hemere
585 764 685 795 simul
707 764 854 794 nascitur
876 760 984 794 A'ther
1011 763 1149 804 ejusque
1162 760 1261 793 frater
1276 769 1335 797 est,
1358 769 1392 793 et
1405 762 1460 792 vel
1472 761 1647 793 habendus
1663 772 1724 804 pro

224 829 354 850 summa
371 819 450 848 aeris
463 819 610 859 regione,
633 827 717 857 quae
740 826 832 846 nunc
853 818 1012 857 apparuit,
1036 826 1116 846 cum
1138 823 1327 846 nasceretur
1349 815 1428 850 dies,
1451 815 1602 857 adeoque
1626 817 1723 846 nasci

223 872 346 902 dicitnr
360 881 438 901 cum
454 871 521 906 illo,
543 870 597 900 vel
611 879 672 911 pro
687 874 772 904 affre,
796 870 960 911 quinunc
974 869 1099 910 primos
1122 875 1302 900 ventorum
1324 870 1568 900 matutinorum
1583 870 1718 911 spiritus

186 958 189 961 Α
220 925 360 955 immisit
379 931 481 953 terrae
498 933 582 964 aqua
597 922 778 952 inundatae
797 922 996 964 nebulisque
1020 930 1055 952 et
1077 922 1254 962 vaporibus
1278 925 1446 963 oppletae:
1473 924 1634 954 hactenus
1651 923 1722 954 No-

222 980 283 1009 ctis
300 984 333 1008 et
348 977 449 1007 Erebi
465 975 562 1011 filius,
586 983 664 1005 cum
681 978 735 1005 aer
749 982 782 1005 et
800 975 894 1004 venti
909 981 986 1016 post
1003 975 1216 1005 horizontem
1236 977 1337 1010 nasci,
1359 986 1397 1005 ex
1411 976 1492 1006 locis
1509 977 1612 1018 igitur
1634 975 1717 1006 infe-

219 1034 262 1062 ris
280 1032 470 1073 provenisse
485 1029 694 1060 viderentur:
716 1028 753 1059 id
774 1028 867 1071 quod
889 1029 953 1070 ipsi
974 1028 1169 1070 philosophi
1190 1030 1352 1060 seriorum
1373 1036 1565 1071 temporum
1589 1031 1715 1071 opinati

218 1091 305 1115 sunt-

301 1189 364 1220 Die
380 1197 469 1224 nato,
492 1198 645 1230 apparere
670 1188 806 1219 Coelum
821 1188 974 1223 debebat,
998 1188 1091 1230 quod
1107 1189 1218 1219 adhuc
1235 1187 1342 1219 fuerat
1366 1191 1557 1220 obscurum.
1603 1191 1711 1221 Habe-

216 1243 314 1275 batur
328 1250 440 1273 autem
456 1243 581 1272 Uranos
597 1241 686 1282 apud
702 1242 855 1276 Graecos,
878 1249 916 1271 ut
931 1241 1020 1281 apud
1038 1240 1268 1271 Oronocenses
1285 1252 1345 1282 pro
1372 1244 1520 1283 tegmine
1543 1244 1646 1273 te'rrae
1664 1253 1711 1273 ar-

215 1304 324 1331 cuato,
347 1295 438 1338 quod
458 1295 680 1337 undequaque
695 1305 773 1324 eum
790 1294 1021 1336 magnitudine
1040 1301 1203 1335 aequaret,
1226 1296 1319 1332 (Γαΐα
1335 1292 1362 1323 δέ
1377 1307 1419 1323 τοι
1435 1295 1535 1335 orfito*
1549 1298 1599 1331 μὲν
1615 1297 1714 1333 ἐγείνα-

214 1361 245 1377 το
259 1347 314 1377 ’ἴσον
329 1349 421 1383 signari
437 1347 558 1388 Οὖρανδν
582 1346 744 1387 ἀστερόενθ’,
766 1348 811 1375 ἵνα
833 1351 883 1383 μὲν
908 1348 969 1386 περὶ
992 1346 1084 1375 πέντε.
1104 1346 1264 1386 καλύπτοι)
1289 1355 1387 1389 atque
1401 1348 1565 1378 denlissus
1589 1351 1624 1378 in
1642 1360 1715 1380 oras

213 1404 282 1440 ejus
310 1408 469 1431 extremas
490 1399 712 1442 undequaque
736 1400 851 1430 orbem
874 1406 1034 1430 terrarum
1053 1398 1148 1429 finire
1164 1399 1375 1431 credebatur:
1398 1411 1499 1442 quam
1515 1403 1710 1442 opinionem

212 1455 355 1495 proximi
376 1456 538 1495 cujusque
559 1452 700 1483 finitoris
722 1454 847 1494 species
874 1453 983 1493 optica
999 1451 1117 1482 debuit
1131 1453 1324 1494 producere.
1370 1453 1511 1485 Coelum
1527 1462 1607 1497 ergo
1626 1463 1708 1486 terra

210 1516 382 1549 exsurgere
404 1513 443 1535 ut
467 1507 502 1536 in
531 1507 684 1547 proximo
708 1506 885 1535 horizonte
909 1504 1096 1539 videbatur,
1118 1507 1164 1535 ita
1187 1506 1221 1535 in
1245 1513 1392 1536 extremo
1414 1506 1626 1537 credebatur:
1644 1507 1704 1544 (cf.

165 1586 170 1591 ,
210 1560 339 1600 Theog.
357 1560 445 1596 730.)
459 1560 549 1588 nasci
564 1559 666 1598 igitur
679 1568 699 1587 e
716 1565 797 1587 terra
819 1558 1002 1597 Terraeque
1015 1556 1128 1601 filium
1150 1568 1221 1587 esse
1240 1558 1387 1587 Uranum
1404 1558 1517 1597 prodit
1537 1562 1702 1602 poematis

207 1619 332 1642 auctor.
346 1609 414 1640 vid.
432 1610 539 1649 Heyn.
557 1620 589 1649 p.
610 1616 679 1649 139.

288 1720 359 1749 lam
380 1718 512 1748 Tartara
536 1724 614 1747 sunt
634 1717 697 1747 sub
719 1717 819 1748 Terra
839 1727 1004 1759 superque
1017 1725 1053 1747 ea
1076 1716 1229 1753 Coelum,
1249 1708 1355 1748 ⁴&ther
1370 1726 1403 1748 et
1418 1718 1517 1750 Dies:
1539 1730 1633 1751 nunc
1657 1721 1699 1751 ad

203 1774 308 1815 ipsam
326 1780 427 1802 tetrae
441 1770 650 1812 superficiem
675 1770 892 1801 excolendam
912 1772 1056 1801 veniunt
1076 1773 1177 1802 vices.
1221 1771 1343 1801 Adhuc
1366 1782 1403 1802 ea
1425 1771 1490 1802 fuit
1504 1772 1606 1809 rudis.
1630 1776 1699 1805 sine

204 1827 298 1856 cultu
317 1832 350 1855 et
371 1835 454 1866 aqna
471 1823 648 1854 inundata:
673 1834 757 1865 quae
780 1823 900 1854 deinde
921 1825 1045 1854 sensim
1065 1825 1218 1855 siccatur.
1264 1824 1341 1866 Quo
1366 1825 1500 1855 tandem
1516 1825 1617 1862 facto,
1638 1829 1698 1858 ori·
1730 1832 1733 1835 ’

202 1885 306 1908 untur
321 1878 437 1913 maria,
459 1887 544 1919 quae
556 1884 652 1908 antea
668 1877 734 1907 dici
752 1883 822 1907 non
840 1884 1004 1918 poterant,
1027 1888 1131 1920 quum
1152 1887 1260 1907 unum
1277 1888 1366 1907 mare
1384 1885 1454 1908 tota
1469 1885 1571 1909 terrae
1583 1889 1695 1921 super·

201 1931 291 1961 ficies
305 1929 478 1964 efficiebat,
500 1938 533 1960 et
547 1937 677 1960 montes
695 1931 793 1961 undis
810 1939 996 1972 emergunt.
1038 1932 1262 1973 Utromulque
1278 1939 1389 1962 autem
1397 1932 1495 1962 Terra
1512 1940 1616 1962 mater
1632 1941 1693 1964 est.

200 1993 232 2013 v.
261 1989 330 2021 131.
370 1979 408 2020 (ἧ
430 1979 458 2010 δέ
477 1982 526 2010 καὶ
548 1981 695 2022 ἀτρύγετον
717 1985 846 2021 Πέλαγος
866 1985 941 2013 τέκεν
966 1984 1067 2014 Πόντον
1088 1982 1155 2025 ἔτερ
1175 1983 1336 2022 φιλὸητος,
1359 1982 1448 2023 αὗταέρ
1481 1986 1579 2013 ἔπειτα
1601 1984 1697 2027 Οῧμα

197 2036 314 2077 μακρά.)

232 2144 334 2170 Kanne
353 2139 484 2169 analecta.
1159 2145 1186 2178 L
1602 2149 1697 2190 Quae
