1973 2714
983 261 1032 306 (42

251 360 285 398 'i.
309 377 335 398 e.
359 366 415 396 Sol
437 370 555 394 auctor
587 361 652 392 diei
676 368 708 391 et
737 361 856 391 noctis.
903 359 993 390 Alter
1024 369 1138 391 versus
1167 361 1280 391 innuit
1302 361 1462 402 serpentis
1494 359 1637 393 fonnam
1668 376 1765 404 arf-n.

262 430 345 457 φονου
366 415 490 457 στρῶσις
519 419 651 453 φολισι
681 415 799 445 ultima
816 422 917 448 voce,
941 422 1027 456 quae
1058 415 1218 456 serpentis
1249 420 1282 445 et
1305 414 1444 445 lacertae
1465 414 1587 456 pellem
1609 423 1714 448 notat.
1734 420 1768 458 e)

262 467 434 513 superflua
458 470 622 500 hactenus
647 469 810 499 correctio
834 468 982 508 Lcnncpi
1006 466 1048 497 ad
1071 466 1207 498 Coluth.
1239 478 1271 510 p.
1295 471 1326 507 4.
1349 470 1444 503 βολισι
1465 467 1613 510 (radiis)
1632 478 1693 511 pro
1717 476 1766 516 φο-

260 529 320 555 λισι
349 530 384 554 et
413 521 560 564 ι’σηιιψαε
589 520 651 565 ῥτο
681 521 812 562 ‹rs-gadam.
878 519 1032 551 Tandem
1059 520 1220 552 Hercules
1249 521 1284 552 in
1317 521 1446 562 hymno
1478 522 1639 562 temporis
1666 524 1768 564 pater

260 578 445 620 appellatus
478 584 538 613 est,
583 577 745 608 nimirum
777 581 940 617 quatenus
971 573 1029 605 Sol
1057 581 1116 605 est.
1185 574 1250 605 Sed
1279 582 1409 616 praeter
1432 575 1600 615 hymnum
1622 575 1766 607 Nonnus

260 632 404 672 Dionys.
426 630 492 661 XL.
516 630 589 668 368.
635 628 814 659 Herculem
837 627 950 658 Solem
974 636 1045 658 esse
1075 626 1220 659 declarat
1247 627 1378 659 verbis:
1407 625 1591 669 οἴστροχιτων,
1621 627 1767 671 ‘Henna

261 683 333 723 ιῖναξ
363 696 451 724 πυρα,
483 682 592 724 ὄρχαμε
622 694 737 719 naemu.
766 680 807 712 cf.
838 685 913 721 428.
936 687 1011 719 575.
1035 680 1187 712 Tandem
1211 680 1357 712 Com-tus
1385 680 1427 711 de
1450 681 1590 712 Gebelin
1614 683 1767 722 (monde

262 736 407 782 primitif
425 737 464 766 Τ.
487 735 556 775 111.)
582 734 696 765 laudat
719 735 834 765 locum
855 734 987 764 Nicolai
1012 734 1222 771 Damascenh
1269 744 1372 777 quem
1395 733 1509 766 Solem
1530 735 1711 768 Herculem
1734 743 1767 769 et

262 791 440 825 Chronum
462 789 663 832 appellatum
687 785 790 819 fuisse
829 786 952 819 docere
980 786 1103 830 prodit.

347 899 418 929 Iam
440 906 522 929 vero
544 896 637 928 unde
659 905 696 928 ea
719 895 869 932 nomina,
900 894 992 927 unde
1012 896 1096 927 mira
1119 895 1173 927 illa
1196 895 1284 928 Solis
1305 896 1455 939 species?
1484 896 1581 929 Hanc
1610 897 1703 940 quod
1724 905 1769 929 at-

262 954 358 988 tinet,
381 962 421 982 ex
443 951 630 982 Mithriacis
655 957 762 981 totam
785 950 888 980 habet
909 948 1078 991 Orphicus
1102 949 1194 980 deus.
1233 948 1356 981 Omnia
1379 951 1470 981 enim
1496 951 1677 981 Herculem
1699 961 1769 982 esse

261 1006 437 1038 Persarum
465 1003 551 1035 Solis
580 1002 683 1034 deum
716 1002 885 1034 Mithram
914 1002 1124 1045 profitentur.
1186 1002 1315 1034 Leonis
1354 1005 1462 1046 primo
1500 1012 1600 1047 caput
1628 1004 1770 1036 Mithrae

262 1060 365 1092 babet
392 1057 481 1101 apud
508 1056 697 1088 Montfauc.
727 1057 902 1099 Antiquite'
923 1056 1097 1099 expliquee
1120 1057 1263 1087 Tom.1.
1296 1052 1354 1087 Hb.
1379 1058 1431 1087 1V.
1454 1067 1525 1098 cap.
1548 1064 1579 1095 3.
1603 1058 1669 1088 tab.
1694 1061 1768 1095 215.

263 1112 323 1143 Nr.
355 1122 381 1142 ι.
412 1117 446 1141 et
474 1109 533 1140 Nr.
564 1118 606 1144 2„
636 1111 723 1150 sieut
752 1109 843 1151 apud
870 1108 971 1140 eund.
1002 1110 1039 1140 in
1060 1109 1195 1141 Abx-axis
1227 1109 1326 1141 dictis
1352 1110 1407 1140 vel
1430 1117 1523 1141 totus
1553 1110 1606 1142 leo
1640 1117 1691 1142 est
1712 1110 1767 1141 vel

264 1166 370 1197 homo
401 1174 481 1195 cum
509 1163 617 1204 leonis
650 1164 757 1204 capite
787 1163 828 1193 T.
859 1162 913 1193 111.
944 1163 1012 1193 tab.
1039 1168 1110 1201 ¹50·
1132 1162 1190 1193 Nr.
1218 1173 1245 1193 1.
1266 1163 1333 1193 tab.
1359 1163 1429 1201 163.
1452 1164 1520 1194 tab.
1546 1168 1617 1203 149.
1641 1162 1699 1202 (cf.
1721 1164 1769 1203 ip-

263 1229 340 1250 sum
363 1215 591 1247 Montfaucon
613 1215 663 1245 lv.
687 1225 757 1256 cap.
781 1222 811 1253 3.
834 1215 865 1255 §-
888 1215 935 1254 6.)
958 1225 1100 1257 quarum
1130 1216 1318 1257 imaginum
1340 1225 1408 1246 una
1431 1215 1593 1256 Mithram
1621 1215 1768 1247 ostendit

264 1279 407 1312 supeme
428 1269 573 1303 leonem,
595 1266 727 1298 inferne
747 1275 936 1309 serpentem
960 1275 1054 1298 cum.
1069 1269 1306 1309 inscriptione:
1339 1279 1553 1308 γιγκντορηκτα,
1582 1279 1666 1311 quae
1690 1269 1770 1299 Her-

264 1326 376 1357 culem
404 1322 526 1356 innuit,
563 1327 727 1363 quatenus
766 1322 903 1351 seriores
934 1321 1133 1360 mythorum
1170 1320 1363 1351 conditores
1392 1321 1590 1362 participem
1621 1320 1770 1352 fecerant

266 1374 574 1420 Gigantornaehiae,
613 1375 767 1416 quamvis
796 1373 855 1404 hic
889 1373 991 1416 longe
1018 1374 1102 1404 alius
1132 1374 1176 1405 sit
1207 1383 1309 1416 quam
1338 1373 1500 1405 Hercules
1526 1374 1594 1405 Sol.
1638 1375 1771 1422 Deinde

266 1429 492 1461 Tertullianus
517 1428 754 1468 (Apologetic.)
784 1434 817 1456 et
839 1427 1032 1456 Lactantius
1062 1425 1105 1456 ad
1136 1424 1233 1455 Statii
1260 1426 1424 1456 Thebaid.
1453 1433 1617 1457 testantur
1646 1428 1687 1459 de
1713 1428 1769 1460 ffln

269 1483 415 1514 Mithrae
437 1479 545 1511 forma
568 1490 673 1521 eaque
694 1480 765 1510 sine
788 1478 893 1509 dubio
915 1479 1064 1509 nominis
1088 1477 1331 1526 Leogzcicorum
1354 1488 1449 1509 causa
1472 1477 1547 1515 fuit,
1570 1490 1638 1522 quo
1661 1482 1770 1523 appel-

269 1538 335 1568 lata
357 1523 438 1566 sunt
458 1532 643 1564 Methriaca
673 1541 791 1572 sacra.
818 1532 1019 1574 Ubicunque
1048 1541 1129 1562 vero
1157 1542 1207 1562 ars
1236 1532 1373 1573 plastica
1396 1531 1557 1563 Mithram
1581 1531 1708 1565 effinxit
1730 1542 1771 1565 ut

268 1593 427 1630 juvenem
457 1586 648 1632 pulchrum,
678 1586 737 1627 qui
767 1586 802 1616 in
833 1595 942 1628 genna
975 1584 1152 1616 considens
1182 1592 1307 1615 mactat
1328 1585 1462 1620 bovem,
1495 1586 1601 1617 leonis
1624 1589 1771 1628 speciem

269 1652 339 1674 non
361 1642 427 1671 nisi
448 1641 484 1670 in
508 1638 684 1669 attributis
707 1645 871 1669 servatam
893 1637 997 1669 vides.
1021 1637 1091 1669 vid.
1111 1638 1151 1668 T.
1174 1637 1198 1667 Ῐ.
1224 1637 1291 1668 tab.
1315 1643 1388 1676 215.
1413 1637 1470 1669 Nr.
1492 1642 1525 1678 4.
1548 1639 1769 1682 Supplexnens

269 1696 308 1726 Τ.
330 1696 355 1725 1.
378 1694 446 1725 tab.
469 1698 522 1731 82.
546 1692 604 1723 Nr.
633 1702 660 1723 1.
686 1690 715 1731 l)
735 1698 768 1722 et
791 1691 922 1723 Gruter.
945 1691 1095 1733 Inscript.
1119 1701 1153 1734 p.
1177 1690 1285 1722 XLIV.
1308 1697 1339 1729 7.

356 1801 529 1843 Serpentis
550 1809 650 1842 porro
674 1798 816 1830 formam
839 1809 910 1830 non
947 1801 1052 1841 ipsam
1081 1798 1218 1841 quidem
1249 1800 1406 1842 expressit
1435 1810 1496 1836 ars,
1525 1794 1588 1832 sed¹
1611 1803 1769 1841 juvenem

266 1857 448 1899 pulchrum
471 1864 582 1897 angue
605 1860 738 1884 tantum
761 1845 1047 1884 circumvolutum
1069 1850 1206 1883 effinxit.
1237 1852 1277 1882 T.
1301 1852 1325 1882 Ι.
1349 1853 1415 1884 tab.
1440 1859 1513 1892 215.
1544 1853 1603 1884 Nr.
1629 1852 1658 1885 i.
1683 1864 1713 1886 2.
1738 1863 1770 1894 3.

1713 1917 1770 1941 ant

335 2031 363 2065 e)
384 2038 525 2069 στραττειν
539 2037 557 2055 >a
576 2029 684 2067 στρεφω
703 2026 738 2055 de
755 2025 882 2055 fulmine
899 2021 1017 2058 ficitur,
1038 2033 1180 2065 quatenns
1197 2036 1228 2055 se
1236 2025 1336 2055 volvit
1353 2034 1386 2054 ut
1403 2027 1521 2065 anguis,
1542 2027 1578 2056 ef.
1598 2026 1768 2056 Schneideri

368 2074 469 2102 Lexic.

335 2134 359 2170 Ι)
378 2134 474 2161 Etiam
491 2132 568 2171 apud
581 2133 747 2171 Aegyptios
766 2132 818 2162 Sol
835 2141 868 2161 ut
886 2134 949 2161 Leo
968 2132 1082 2161 effictus
1111 2140 1161 2161 est.
1190 2133 1225 2162 cf.
1244 2134 1360 2173 Zoegae
1386 2134 1527 2164 numism.
1544 2136 1668 2174 Aegypt.
1705 2135 1767 2164 An-

370 2178 464 2208 tonin.
480 2181 549 2208 XLI
557 2181 588 2211 V.
600 2194 602 2196 ·
616 2180 674 2208 262.
696 2191 725 2218 p.
752 2180 924 2217 182.Ciaud.
944 2181 1040 2210 XVII.
1058 2186 1101 2214 55.
1121 2183 1152 2217 p.
1171 2180 1293 2216 19.⁴ad‹1.
1313 2179 1375 2209 not.
1394 2182 1487 2218 Zoeg.
